% This file was created with JabRef 2.4.2.
% Encoding: ISO8859_1

@ARTICLE{DelDuca:1999ha,
  author = {Vittorio {del Duca} and Alberto Frizzo and Fabio Maltoni},
  title = {{Factorization of tree QCD amplitudes in the high-energy limit and
	in the collinear limit}},
  journal = {\npb{568}{2000}{211-262}},
  eprint = {hep-ph/9909464},
  url = {http://www.slac.stanford.edu/spires/find/hep/www?eprint=hep-ph/9909464},
  file = {:DelDuca1999ha.pdf:PDF}
}

@ARTICLE{Zarnecki:2002qr,
  author = {{\.Z}arnecki, Aleksander Filip},
  title = {{CompAZ: Parametrization of the luminosity spectra for the photon
	collider}},
  journal = {\appolb{34}{2003}{2741-2758}},
  eprint = {hep-ex/0207021},
  url = {http://www.slac.stanford.edu/spires/find/hep/www?eprint=hep-ex/0207021},
  file = {:Zarnecki2002qr.pdf:PDF}
}

@ARTICLE{abergthesis,
  author = {{\AA}berg, C.},
  title = {{Correcting the colour dipole cascade with fixed order matrix elements
	in deep inelastic scattering}},
  note = {Diploma thesis, Lund preprint LU-TP 04-25},
  url = {http://particle.thep.lu.se/pub/Preprints/04/lu_tp_04_25_abs.html},
  file = {:abergthesis.pdf:PDF}
}

@ARTICLE{:2007cp,
  author = {Aaltonen, T. and others},
  title = {{Measurement of Inclusive Jet Cross Sections in $Z/\gamma^* (\to
	ee)+$ jets Production in $p\bar{p}$ Collisions at $\sqrt{s}=1.96$
	TeV}},
  journal = {\prl{100}{2008}{102001}},
  eprint = {0711.3717},
  url = {http://www.slac.stanford.edu/spires/find/hep/www?eprint=arXiv:0711.3717},
  file = {:Aaltonen2007cp.pdf:PDF},
  archiveprefix = {arXiv},
  collaboration = {CDF - Run II},
  primaryclass = {hep-ex},
  slaccitation = {%%CITATION = 0711.3717;%%}
}

@ARTICLE{Aaltonen:2007ip,
  author = {Aaltonen, T. and others},
  title = {{Measurement of the cross section for W-boson production in association
	with jets in $p\bar{p}$ collisions at $\sqrt{s}=1.96$ TeV}},
  journal = {\prd{77}{2008}{011108}},
  eprint = {0711.4044},
  file = {:Aaltonen2007ip.pdf:PDF},
  archiveprefix = {arXiv},
  collaboration = {CDF},
  doi = {10.1103/PhysRevD.77.011108},
  primaryclass = {hep-ex},
  slaccitation = {%%CITATION = 0711.4044;%%}
}

@ARTICLE{Abachi:1996et,
  author = {Abachi, S. and others},
  title = {{Azimuthal Decorrelation of Jets Widely Separated in Rapidity}},
  journal = {\prl{77}{1996}{595-600}},
  eprint = {hep-ex/9603010},
  url = {http://www.slac.stanford.edu/spires/find/hep/www?eprint=hep-ex/9603010},
  file = {:Abachi1996et.pdf:PDF},
  collaboration = {{\DO}}
}

@ARTICLE{Abachi:1995jf,
  author = {Abachi, S. and others},
  title = {{Study of the Strong Coupling Constant Using W + Jet Processes}},
  journal = {\prl{75}{1995}{3226-3231}},
  url = {http://www.slac.stanford.edu/spires/find/hep/www?j=PRLTA,75,3226},
  file = {:Abachi1995jf.pdf:PDF},
  collaboration = {{\DO}}
}

@ARTICLE{Abazov:2008yg,
  author = {Abazov, : V. M.},
  title = {{Evidence of $WW+WZ$ production with lepton + jets final states in
	proton-antiproton collisions at $\sqrt{s}$ =1.96 TeV}},
  year = {2008},
  eprint = {0810.3873},
  url = {http://www.slac.stanford.edu/spires/find/hep/www?eprint=arXiv:0810.3873},
  archiveprefix = {arXiv},
  collaboration = {{\DO}},
  primaryclass = {hep-ex},
  slaccitation = {%%CITATION = 0810.3873;%%}
}

@ARTICLE{:2007nt,
  author = {Abazov, V. M. and others},
  title = {{Measurement of the shape of the boson transverse momentum distribution
	in $p\bar p\to Z/\gamma^*\to ee+X$ events produced at $\sqrt{s}=1.96$
	TeV}},
  journal = {\prl{100}{2008}{102002}},
  eprint = {0712.0803},
  file = {:Abazov2007nt.pdf:PDF},
  archiveprefix = {arXiv},
  collaboration = {{\DO}},
  doi = {10.1103/PhysRevLett.100.102002},
  primaryclass = {hep-ex},
  slaccitation = {%%CITATION = 0712.0803;%%}
}

@ARTICLE{Abazov:2006gs,
  author = {Abazov, V. M. and others},
  title = {{Measurement of the ratios of the $Z/\gamma^* +\ge n$ jet production
	cross sections to the total inclusive $Z/\gamma^*$ cross section
	in $p\bar{p}$ collisions at $\sqrt{s}$=1.96 TeV}},
  journal = {\plb{658}{2008}{112-119}},
  eprint = {hep-ex/0608052},
  url = {http://www.slac.stanford.edu/spires/find/hep/www?eprint=hep-ex/0608052},
  file = {:Abazov2006gs.pdf:PDF},
  collaboration = {{\DO}}
}

@ARTICLE{Abazov:2008ez,
  author = {Abazov, V. M. and others},
  title = {{Measurement of differential $Z / \gamma^{*}$ + jet + $X$ cross sections
	in $p \bar{p}$ collisions at $\sqrt{s}$ = 1.96-TeV}},
  journal = {\plb{669}{2008}{278-286}},
  eprint = {0808.1296},
  file = {:Abazov2008ez.pdf:PDF},
  archiveprefix = {arXiv},
  collaboration = {{\DO}},
  doi = {10.1016/j.physletb.2008.09.060},
  primaryclass = {hep-ex},
  slaccitation = {%%CITATION = 0808.1296;%%}
}

@ARTICLE{Abe:1997bp,
  author = {Abe, F. and others},
  title = {{Measurement of Double Parton Scattering in $\bar{p}p$ collisions
	at $\sqrt{s} = 1.8\,\rm TeV$}},
  journal = {\prl{79}{1997}{584-589}},
  url = {http://www.slac.stanford.edu/spires/find/hep/www?j=PRLTA,79,584},
  file = {:Abe1997bp.pdf:PDF},
  collaboration = {CDF}
}

@ARTICLE{Abe:1997eva,
  author = {Abe, F. and others},
  title = {{Properties of Jets in W Boson Events from 1.8 TeV $\bar{p}p$ collisions}},
  journal = {\prl{79}{1997}{4760-4765}},
  eprint = {hep-ex/9709016},
  url = {http://www.slac.stanford.edu/spires/find/hep/www?eprint=hep-ex/9709016},
  file = {:Abe1997eva.pdf:PDF},
  collaboration = {CDF}
}

@ARTICLE{Abe:1997xk,
  author = {Abe, F. and others},
  title = {{Double parton scattering in $\bar{p}p$ collisions at $\sqrt{s} =
	1.8\,\rm TeV$}},
  journal = {\prd{56}{1997}{3811-3832}},
  url = {http://www.slac.stanford.edu/spires/find/hep/www?j=PHRVA,D56,3811},
  file = {:Abe1997xk.pdf:PDF},
  collaboration = {CDF}
}

@ARTICLE{Abe:1993si,
  author = {Abe, F. and others},
  title = {{Measurement of Jet Multiplicity in $W$ Events Produced in $p\bar{p}$
	Collisions at $\sqrt{s} = 1.8$ Tev}},
  journal = {\prl{70}{1993}{4042-4046}},
  url = {http://www.slac.stanford.edu/spires/find/hep/www?j=PRLTA,70,4042},
  file = {:Abe1993si.pdf:PDF},
  collaboration = {CDF}
}

@ARTICLE{Abreu:1996na,
  author = {Abreu, P. and others},
  title = {{Tuning and test of fragmentation models based on identified particles
	and precision event shape data}},
  journal = {\zpc{73}{1996}{11-60}},
  file = {:Abreu1996na.pdf:PDF},
  collaboration = {DELPHI},
  doi = {10.1007/s002880050295},
  slaccitation = {%%CITATION = ZEPYA,C73,11;%%}
}

@ARTICLE{Abulencia:2007ez,
  author = {Abulencia, A. and others},
  title = {{Measurement of the inclusive jet cross section using the $k_{T}$
	algorithm in $p \bar{p}$ collisions at $\sqrt{s}$ = 1.96~TeV with
	the CDF II detector}},
  journal = {\prd{75}{2007}{092006}},
  eprint = {hep-ex/0701051},
  url = {http://www.slac.stanford.edu/spires/find/hep/www?eprint=hep-ex/0701051},
  file = {:Abulencia2007ez.pdf:PDF},
  collaboration = {CDF},
  doi = {10.1103/PhysRevD.75.092006},
  slaccitation = {%%CITATION = HEP-EX/0701051;%%}
}

@ARTICLE{Acosta:2004wqa,
  author = {Acosta, Darin E. and others},
  title = {{Underlying event in hard interactions at the Fermilab Tevatron $\bar{p}p$
	collider}},
  journal = {\prd{70}{2004}{072002}},
  eprint = {hep-ex/0404004},
  url = {http://www.slac.stanford.edu/spires/find/hep/www?eprint=hep-ex/0404004},
  file = {:Acosta2004wqa.pdf:PDF},
  collaboration = {CDF}
}

@ARTICLE{Adloff:2002ew,
  author = {Adloff, C. and others},
  title = {{Measurement of inclusive jet cross-sections in deep-inelastic $ep$
	scattering at HERA}},
  journal = {\plb{542}{2002}{193-206}},
  note = {DESY-02-079},
  eprint = {hep-ex/0206029},
  url = {http://www.slac.stanford.edu/spires/find/hep/www?eprint=hep-ex/0206029},
  file = {:Adloff2002ew.pdf:PDF},
  archiveprefix = {arXiv},
  collaboration = {H1},
  doi = {10.1016/S0370-2693(02)02375-4},
  slaccitation = {%%CITATION = HEP-EX/0206029;%%}
}

@ARTICLE{Adloff:2000tq,
  author = {Adloff, C. and others},
  title = {{Measurement and QCD analysis of jet cross sections in deep-inelastic
	positron-proton collisions at $\sqrt{s}$ of 300 GeV}},
  journal = {\epjc{19}{2001}{289-311}},
  note = {DESY-00-145},
  eprint = {hep-ex/0010054},
  url = {http://www.slac.stanford.edu/spires/find/hep/www?eprint=hep-ex/0010054},
  file = {:Adloff2000tq.pdf:PDF},
  archiveprefix = {arXiv},
  collaboration = {H1},
  doi = {10.1007/s100520100621},
  slaccitation = {%%CITATION = HEP-EX/0010054;%%}
}

@ARTICLE{Adloff:2001kg,
  author = {Adloff, C. and others},
  title = {{Three-jet production in deep-inelastic scattering at HERA}},
  journal = {\plb{515}{2001}{17-29}},
  note = {DESY-01-073},
  eprint = {hep-ex/0106078},
  url = {http://www.slac.stanford.edu/spires/find/hep/www?eprint=hep-ex/0106078},
  file = {:Adloff2001kg.pdf:PDF},
  archiveprefix = {arXiv},
  collaboration = {H1},
  doi = {10.1016/S0370-2693(01)00805-X},
  slaccitation = {%%CITATION = HEP-EX/0106078;%%}
}

@ARTICLE{Adloff:1999ws,
  author = {Adloff, C. and others},
  title = {{Measurements of transverse energy flow in deep-inelastic scattering
	at HERA}},
  journal = {\epjc{12}{2000}{595-607}},
  note = {DESY-99-091},
  eprint = {hep-ex/9907027},
  url = {http://www.slac.stanford.edu/spires/find/hep/www?eprint=hep-ex/9907027},
  file = {:Adloff1999ws.pdf:PDF},
  archiveprefix = {arXiv},
  collaboration = {H1},
  doi = {10.1007/s100520000287},
  slaccitation = {%%CITATION = HEP-EX/9907027;%%}
}

@ARTICLE{Adloff:1998kh,
  author = {Adloff, C. and others},
  title = {{Multi-jet event rates in deep inelastic scattering and determination
	of the strong coupling constant}},
  journal = {\epjc{6}{1999}{575-585}},
  note = {DESY-98-087},
  eprint = {hep-ex/9807019},
  url = {http://www.slac.stanford.edu/spires/find/hep/www?eprint=hep-ex/9807019},
  file = {:Adloff1998kh.pdf:PDF},
  archiveprefix = {arXiv},
  collaboration = {H1},
  doi = {10.1007/s100529901014},
  slaccitation = {%%CITATION = HEP-EX/9807019;%%}
}

@ARTICLE{Adloff:1996dy,
  author = {Adloff, C. and others},
  title = {{Measurement of charged particle transverse momentum spectra in deep
	inelastic scattering}},
  journal = {\npb{485}{1997}{3-24}},
  note = {DESY-96-215},
  eprint = {hep-ex/9610006},
  url = {http://www.slac.stanford.edu/spires/find/hep/www?eprint=hep-ex/9610006},
  file = {:Adloff1996dy.pdf:PDF},
  archiveprefix = {arXiv},
  collaboration = {H1},
  doi = {10.1016/S0550-3213(96)00675-X},
  slaccitation = {%%CITATION = HEP-EX/9610006;%%}
}

@ARTICLE{Adloff:1997fr,
  author = {Adloff, C. and others},
  title = {{Evolution of $ep$ fragmentation and multiplicity distributions in
	the Breit frame}},
  journal = {\npb{504}{1997}{3-23}},
  note = {DESY-97-108},
  eprint = {hep-ex/9707005},
  url = {http://www.slac.stanford.edu/spires/find/hep/www?eprint=hep-ex/9707005},
  file = {:Adloff1997fr.pdf:PDF},
  archiveprefix = {arXiv},
  collaboration = {H1},
  doi = {10.1016/S0550-3213(97)00585-3},
  slaccitation = {%%CITATION = HEP-EX/9707005;%%}
}

@ARTICLE{Adloff:1997gq,
  author = {Adloff, C. and others},
  title = {{Measurement of event shape variables in deep inelastic $e$ $p$ scattering}},
  journal = {\plb{406}{1997}{256-270}},
  note = {DESY-97-098},
  eprint = {hep-ex/9706002},
  url = {http://www.slac.stanford.edu/spires/find/hep/www?eprint=hep-ex/9706002},
  file = {:Adloff1997gq.pdf:PDF},
  archiveprefix = {arXiv},
  collaboration = {H1},
  doi = {10.1016/S0370-2693(97)00754-5},
  slaccitation = {%%CITATION = HEP-EX/9706002;%%}
}

@ARTICLE{Affolder:2000mz,
  author = {Affolder, Anthony Allen and others},
  title = {{Test of enhanced leading order QCD in W boson plus jets events from
	1.8 TeV $\bar{p}p$ collisions}},
  journal = {\prd{63}{2001}{072003}},
  url = {http://www.slac.stanford.edu/spires/find/hep/www?j=PHRVA,D63,072003},
  file = {:Affolder2000mz.pdf:PDF},
  collaboration = {CDF}
}

@ARTICLE{Affolder:2001xt,
  author = {Affolder, T. and others},
  title = {{Charged jet evolution and the underlying event in proton-antiproton
	collisions at 1.8 TeV}},
  journal = {\prd{65}{2002}{092002}},
  url = {http://www.slac.stanford.edu/spires/find/hep/www?j=PHRVA,D65,092002},
  file = {:Affolder2001xt.pdf:PDF},
  collaboration = {CDF}
}

@ARTICLE{Agashe:2006hk,
  author = {Agashe, Kaustubh and Belyaev, Alexander and Krupovnickas, Tadas and
	Perez, Gilad and Virzi, Joseph},
  title = {{LHC signals from warped extra dimensions}},
  journal = {\prd{77}{2008}{015003}},
  eprint = {hep-ph/0612015},
  file = {:Agashi2006hk.pdf:PDF},
  archiveprefix = {arXiv},
  doi = {10.1103/PhysRevD.77.015003},
  slaccitation = {%%CITATION = HEP-PH/0612015;%%}
}

@ARTICLE{Aid:1995we,
  author = {Aid, S. and others},
  title = {{Transverse energy and forward jet production in the low x regime
	at HERA}},
  journal = {\plb{356}{1995}{118-128}},
  note = {DESY-95-108},
  eprint = {hep-ex/9506012},
  url = {http://www.slac.stanford.edu/spires/find/hep/www?eprint=hep-ex/9506012},
  file = {:Aid1995we.pdf:PDF},
  archiveprefix = {arXiv},
  collaboration = {H1},
  doi = {10.1016/0370-2693(95)00804-T},
  slaccitation = {%%CITATION = HEP-EX/9506012;%%}
}

@ARTICLE{Aktas:2005up,
  author = {Aktas, A. and others},
  title = {{Forward jet production in deep inelastic scattering at HERA}},
  journal = {\epjc{46}{2006}{27-42}},
  note = {DESY-05-135},
  eprint = {hep-ex/0508055},
  url = {http://www.slac.stanford.edu/spires/find/hep/www?eprint=hep-ex/0508055},
  file = {:Aktas2005up.pdf:PDF},
  collaboration = {H1}
}

@ARTICLE{Aktas:2003ja,
  author = {Aktas, A. and others},
  title = {{Inclusive dijet production at low Bjorken-$x$ in deep inelastic
	scattering}},
  journal = {\epjc{33}{2004}{477-493}},
  note = {DESY-03-160},
  eprint = {hep-ex/0310019},
  url = {http://www-library.desy.de/spires/find/hep/www?eprint=hep-ex/0310019},
  file = {:Aktas2003ja.pdf:PDF},
  archiveprefix = {arXiv},
  collaboration = {H1},
  doi = {10.1140/epjc/s2004-01644-5},
  slaccitation = {%%CITATION = HEP-EX/0310019;%%}
}

@ARTICLE{Alekhin:2005dx,
  author = {Alekhin, S. and others},
  title = {{HERA and the LHC - A workshop on the implications of HERA for LHC
	physics: Proceedings Part A}},
  eprint = {hep-ph/0601012},
  url = {http://www.slac.stanford.edu/spires/find/hep/www?eprint=hep-ph/0601012},
  file = {:Alekhin2005dx.pdf:PDF}
}

@ARTICLE{Alekhin:2005dy,
  author = {Alekhin, S. and others},
  title = {{HERA and the LHC - A workshop on the implications of HERA for LHC
	physics: Proceedings Part B}},
  eprint = {hep-ph/0601013},
  url = {http://www.slac.stanford.edu/spires/find/hep/www?eprint=hep-ph/0601013},
  file = {:Alekhin2005dy.pdf:PDF}
}

@ARTICLE{Aliev:2007uu,
  author = {Aliev, T. M. and Savci, M.},
  title = {{Semileptonic decays of pseudoscalar mesons to scalar $f_0$ meson}},
  year = {2007},
  eprint = {hep-ph/0701108},
  url = {http://www.slac.stanford.edu/spires/find/hep/www?eprint=hep-ph/0701108},
  file = {:Aliev2007uu.pdf:PDF},
  archiveprefix = {arXiv},
  slaccitation = {%%CITATION = HEP-PH/0701108;%%}
}

@ARTICLE{Alioli:2008gx,
  author = {Alioli, Simone and Nason, Paolo and Oleari, Carlo and Re, Emanuele},
  title = {{NLO vector-boson production matched with shower in POWHEG}},
  journal = {\jhep{07}{2008}{060}},
  eprint = {0805.4802},
  file = {:Alioli2008gx.pdf:PDF},
  archiveprefix = {arXiv},
  doi = {10.1088/1126-6708/2008/07/060},
  primaryclass = {hep-ph},
  slaccitation = {%%CITATION = 0805.4802;%%}
}

@ARTICLE{Allanach:2008qq,
  author = {Allanach, B. and others},
  title = {{SUSY Les Houches Accord 2}},
  year = {2008},
  eprint = {0801.0045},
  url = {http://www.slac.stanford.edu/spires/find/hep/www?eprint=arXiv:0801.0045},
  file = {:Allanach2008qq.pdf:PDF},
  archiveprefix = {arXiv},
  primaryclass = {hep-ph},
  slaccitation = {%%CITATION = 0801.0045;%%}
}

@ARTICLE{Allanach:2001kg,
  author = {Allanach, B. C.},
  title = {{SOFTSUSY: A program for calculating supersymmetric spectra}},
  journal = {\cpc{143}{2002}{305-331}},
  eprint = {hep-ph/0104145},
  url = {http://www.slac.stanford.edu/spires/find/hep/www?eprint=hep-ph/0104145},
  file = {:Allanach2001kg.pdf:PDF},
  archiveprefix = {arXiv},
  doi = {10.1016/S0010-4655(01)00460-X},
  slaccitation = {%%CITATION = HEP-PH/0104145;%%}
}

@ARTICLE{Allanach:2002nj,
  author = {Allanach, B. C. and others},
  title = {{The Snowmass points and slopes: Benchmarks for SUSY searches}},
  year = {2002},
  eprint = {hep-ph/0202233},
  url = {http://www.slac.stanford.edu/spires/find/hep/www?eprint=hep-ph/0202233},
  file = {:Allanach2002nj.pdf:PDF},
  archiveprefix = {arXiv},
  slaccitation = {%%CITATION = HEP-PH/0202233;%%}
}

@ARTICLE{Altarelli:1977zs,
  author = {Guido Altarelli and Parisi, G.},
  title = {{Asymptotic freedom in parton language}},
  journal = {\npb{126}{1977}{298-318}},
  url = {http://www.slac.stanford.edu/spires/find/hep/www?j=NUPHA,B126,298},
  file = {:Altarelli1977zs.pdf:PDF}
}

@ARTICLE{Alwall:2007fs,
  author = {Alwall, J. and others},
  title = {{Comparative study of various algorithms for the merging of parton
	showers and matrix elements in hadronic collisions}},
  journal = {\epjc{53}{2008}{473-500}},
  eprint = {0706.2569},
  url = {http://www.slac.stanford.edu/spires/find/hep/www?eprint=arXiv:0706.2569},
  file = {:Alwall2007fs.pdf:PDF},
  archiveprefix = {arXiv},
  primaryclass = {hep-ph}
}

@ARTICLE{Alwall:2006yp,
  author = {Alwall, J. and others},
  title = {{A standard format for Les Houches Event Files}},
  journal = {\cpc{176}{2007}{300-304}},
  eprint = {hep-ph/0609017},
  url = {http://www.slac.stanford.edu/spires/find/hep/www?eprint=hep-ph/0609017},
  file = {:Alwall2006yp.pdf:PDF}
}

@ARTICLE{Alwall:2007st,
  author = {Alwall, Johan and others},
  title = {{MadGraph/MadEvent v4: The new web generation}},
  journal = {\jhep{09}{2007}{028}},
  eprint = {0706.2334},
  url = {http://www.slac.stanford.edu/spires/find/hep/www?eprint=arXiv:0706.2334},
  file = {:Alwall2007st.pdf:PDF},
  archiveprefix = {arXiv},
  primaryclass = {hep-ph}
}

@ARTICLE{Alwall:2008ve,
  author = {Alwall, Johan and Le, My-Phuong and Lisanti, Mariangela and Wacker,
	Jay G.},
  title = {{Searching for Gluinos at the Tevatron}},
  year = {2008},
  eprint = {0803.0019},
  url = {http://www.slac.stanford.edu/spires/find/hep/www?eprint=arXiv:0803.0019},
  file = {:Alwall2008ve.pdf:PDF},
  archiveprefix = {arXiv},
  primaryclass = {hep-ph},
  slaccitation = {%%CITATION = 0803.0019;%%}
}

@ARTICLE{Alwall:2008qv,
  author = {Alwall, Johan and de Visscher, Simon and Maltoni, Fabio},
  title = {{QCD radiation in the production of heavy colored particles at the
	LHC}},
  journal = {\jhep{02}{2009}{017}},
  eprint = {0810.5350},
  file = {:Alwall2008qv.pdf:PDF},
  archiveprefix = {arXiv},
  doi = {10.1088/1126-6708/2009/02/017},
  primaryclass = {hep-ph},
  slaccitation = {%%CITATION = 0810.5350;%%}
}

@ARTICLE{Amati:1978by,
  author = {Amati, D. and Petronzio, R. and Veneziano, G.},
  title = {{Relating hard QCD processes through universality of mass singularities.
	2}},
  journal = {\npb{146}{1978}{29-49}},
  url = {http://www.slac.stanford.edu/spires/find/hep/www?j=NUPHA,B146,29},
  file = {:Amati1978by.pdf:PDF}
}

@ARTICLE{Amati:1978wx,
  author = {Amati, D. and Petronzio, R. and Veneziano, G.},
  title = {{Relating hard QCD processes through universality of mass singularities}},
  journal = {\npb{140}{1978}{54}},
  url = {http://www.slac.stanford.edu/spires/find/hep/www?j=NUPHA,B140,54},
  file = {:Amati1978wx.pdf:PDF}
}

@ARTICLE{Amsler:2008zz,
  author = {Amsler, C. and others},
  title = {{Review of particle physics}},
  journal = {\plb{667}{2008}{1}},
  url = {http://www.slac.stanford.edu/spires/find/hep/www?j=PHLTA,B667,1},
  file = {:Amsler2008zz.pdf:PDF},
  collaboration = {Particle Data Group},
  doi = {10.1016/j.physletb.2008.07.018},
  slaccitation = {%%CITATION = PHLTA,B667,1;%%}
}

@ARTICLE{Andersen:2006kp,
  author = {Andersen, Jeppe R.},
  title = {{Quark-antiquark contribution to the fully exclusive BFKL Evolution
	at next-to-leading logarithmic accuracy}},
  journal = {\prd{74}{2006}{114008}},
  eprint = {hep-ph/0611011},
  url = {http://www.slac.stanford.edu/spires/find/hep/www?eprint=hep-ph/0611011},
  file = {:Andersen2006kp.pdf:PDF}
}

@ARTICLE{Andersen:2006sp,
  author = {Andersen, Jeppe R.},
  title = {{On the role of NLL corrections and energy conservation in the high
	energy evolution of QCD}},
  journal = {\plb{639}{2006}{290-293}},
  eprint = {hep-ph/0602182},
  url = {http://www.slac.stanford.edu/spires/find/hep/www?eprint=hep-ph/0602182},
  file = {:Andersen2006sp.pdf:PDF}
}

@ARTICLE{Andersen:2003wy,
  author = {Jeppe R. Andersen and Sabio-Vera, Agustin},
  title = {{The gluon Green's function in the BFKL approach at next-to-leading
	logarithmic accuracy}},
  journal = {\npb{679}{2004}{345-362}},
  eprint = {hep-ph/0309331},
  url = {http://www.slac.stanford.edu/spires/find/hep/www?eprint=hep-ph/0309331},
  file = {:Andersen2003wy.pdf:PDF}
}

@ARTICLE{Andersen:2003an,
  author = {Jeppe R. Andersen and Sabio-Vera, Agustin},
  title = {{Solving the BFKL equation in the next-to-leading approximation}},
  journal = {\plb{567}{2003}{116-124}},
  eprint = {hep-ph/0305236},
  url = {http://www.slac.stanford.edu/spires/find/hep/www?eprint=hep-ph/0305236},
  file = {:Andersen2003an.pdf:PDF}
}

@ARTICLE{Anderson:1999ui,
  author = {Anderson, S. and others},
  title = {{Hadronic structure in the decay $\tau^- \to \pi^- \pi^0 \nu_\tau$}},
  journal = {\prd{61}{2000}{112002}},
  eprint = {hep-ex/9910046},
  url = {http://www.slac.stanford.edu/spires/find/hep/www?eprint=hep-ex/9910046},
  file = {:Anderson1999ui.pdf:PDF},
  archiveprefix = {arXiv},
  collaboration = {CLEO},
  doi = {10.1103/PhysRevD.61.112002},
  slaccitation = {%%CITATION = HEP-EX/9910046;%%}
}

@BOOK{Andersson:1998tv,
  title = {{The Lund model}},
  publisher = {Camb. Monogr. Part. Phys. Nucl. Phys. Cosmol.},
  year = {1997},
  author = {Andersson, Bo},
  volume = {7},
  pages = {1-471},
  slaccitation = {%%CITATION = CMPCE,7,1;%%}
}

@ARTICLE{Andersson:2002cf,
  author = {Andersson, Bo and others},
  title = {{Small $x$ phenomenology: summary and status}},
  journal = {\epjc{25}{2002}{77-101}},
  eprint = {hep-ph/0204115},
  url = {http://www.slac.stanford.edu/spires/find/hep/www?eprint=hep-ph/0204115},
  file = {:Andersson2002cf.pdf:PDF},
  collaboration = {Small $x$}
}

@ARTICLE{Andersson:1983ia,
  author = {Andersson, Bo and Gustafson, G. and Ingelman, G. and Sj{\"o}strand,
	T.},
  title = {{Parton Fragmentation and String Dynamics}},
  journal = {\prep{97}{1983}{31-145}},
  file = {:Andersson1983ia.pdf:PDF},
  doi = {10.1016/0370-1573(83)90080-7},
  slaccitation = {%%CITATION = PRPLC,97,31;%%}
}

@ARTICLE{Andersson:1995jt,
  author = {Andersson, Bo and Gustafson, G. and Kharraziha, H. and Samuelsson,
	J.},
  title = {{Structure functions and general final state properties in the linked
	dipole chain model}},
  journal = {\zpc{71}{1996}{613-624}},
  url = {http://www.slac.stanford.edu/spires/find/hep/www?j=ZEPYA,C71,613},
  file = {:Andersson1995jt.pdf:PDF}
}

@ARTICLE{Andersson:1989ki,
  author = {Andersson, Bo and Gustafson, Gosta and L{\"o}nnblad, Leif},
  title = {{Gluon splitting in the color dipole cascades}},
  journal = {\npb{339}{1990}{393-406}},
  url = {http://www.slac.stanford.edu/spires/find/hep/www?j=NUPHA,B339,393},
  file = {:Andersson1989ki.pdf:PDF}
}

@ARTICLE{Andersson:1988gp,
  author = {Andersson, Bo and Gustafson, Gosta and L{\"o}nnblad, Leif and Pettersson,
	Ulf},
  title = {{Coherence effects in deep inelastic scattering}},
  journal = {\zpc{43}{1989}{625}},
  url = {http://www.slac.stanford.edu/spires/find/hep/www?j=ZEPYA,C43,625},
  file = {:Andersson1988gp.pdf:PDF}
}

@ARTICLE{Andersson:1995ju,
  author = {Andersson, Bo and Gustafson, G. and Samuelsson, J.},
  title = {{The linked dipole chain model for DIS}},
  journal = {\npb{467}{1996}{443-478}},
  url = {http://www.slac.stanford.edu/spires/find/hep/www?j=NUPHA,B467,443},
  file = {:Andersson1995ju.pdf:PDF}
}

@ARTICLE{Andersson:1984af,
  author = {Andersson, Bo and Gustafson, G. and Sj{\"o}strand, T.},
  title = {{Baryon Production in Jet Fragmentation and Upsilon-Decay}},
  journal = {Phys. Scripta},
  year = {1985},
  volume = {32},
  pages = {574},
  file = {:Andersson1984af.pdf:PDF},
  doi = {10.1088/0031-8949/32/6/003},
  slaccitation = {%%CITATION = PHSTB,32,574;%%}
}

@ARTICLE{Andersson:1981ce,
  author = {Andersson, Bo and Gustafson, G. and Sj{\"o}strand, T.},
  title = {{A Model for Baryon Production in Quark and Gluon Jets}},
  journal = {\npb{197}{1982}{45}},
  file = {:Andersson1981ce.pdf:PDF},
  doi = {10.1016/0550-3213(82)90153-5},
  slaccitation = {%%CITATION = NUPHA,B197,45;%%}
}

@ARTICLE{Andersson:1983jt,
  author = {Andersson, B. and Gustafson, G. and S{\"o}derberg, B.},
  title = {{A general model for jet fragmentation}},
  journal = {\zpc{20}{1983}{317}},
  url = {http://www.slac.stanford.edu/spires/find/hep/www?j=ZEPYA,C20,317},
  file = {:Andersson1983jt.pdf:PDF}
}

@ARTICLE{Andreeva:2008zz,
  author = {Andreeva, Julia and Campana, Simone and Fanzago, Federica and Herrala,
	Juha},
  title = {{High-energy physics on the Grid: The ATLAS and CMS experience}},
  journal = {J. Grid Comput.},
  year = {2008},
  volume = {6},
  pages = {3-13},
  url = {http://www.slac.stanford.edu/spires/find/hep/www?j=JGCOA,6,3},
  file = {:Andreeva2008zz.pdf:PDF}
}

@ARTICLE{Antoniadis:1998ig,
  author = {Antoniadis, Ignatios and Arkani-Hamed, Nima and Dimopoulos, Savas
	and Dvali, G. R.},
  title = {{New dimensions at a millimeter to a fermi and superstrings at a
	TeV}},
  journal = {\plb{436}{1998}{257-263}},
  eprint = {hep-ph/9804398},
  url = {http://www.slac.stanford.edu/spires/find/hep/www?eprint=hep-ph/9804398},
  file = {:Antoniadis1998ig.pdf:PDF},
  doi = {10.1016/S0370-2693(98)00860-0},
  slaccitation = {%%CITATION = HEP-PH/9804398;%%}
}

@ARTICLE{Antunano:2007da,
  author = {Antunano, Oscar and Kuhn, Johann H. and Rodrigo, German},
  title = {{Top Quarks, Axigluons and Charge Asymmetries at Hadron Colliders}},
  journal = {\prd{77}{2008}{014003}},
  eprint = {0709.1652},
  file = {:Antunano2007da.pdf:PDF},
  archiveprefix = {arXiv},
  doi = {10.1103/PhysRevD.77.014003},
  primaryclass = {hep-ph},
  slaccitation = {%%CITATION = 0709.1652;%%}
}

@ARTICLE{Appelquist:1980vg,
  author = {Appelquist, Thomas and Bernard, Claude W.},
  title = {{Strongly interacting Higgs bosons}},
  journal = {\prd{22}{1980}{200}},
  url = {http://www.slac.stanford.edu/spires/find/hep/www?j=PHRVA,D22,200},
  file = {:Appelquist1980vg.pdf:PDF},
  doi = {10.1103/PhysRevD.22.200},
  slaccitation = {%%CITATION = PHRVA,D22,200;%%}
}

@ARTICLE{Appelquist:1993ka,
  author = {Appelquist, Thomas and Wu, Guo-Hong},
  title = {{Electroweak chiral Lagrangian and new precision measurements}},
  journal = {\prd{48}{1993}{3235-3241}},
  eprint = {hep-ph/9304240},
  url = {http://www.slac.stanford.edu/spires/find/hep/www?eprint=hep-ph/9304240},
  file = {:Appelquist1993ka.pdf:PDF},
  doi = {10.1103/PhysRevD.48.3235},
  slaccitation = {%%CITATION = HEP-PH/9304240;%%}
}

@ARTICLE{Archibald:2008aa,
  author = {Archibald, Jennifer and Gleisberg, Tanju and H{\"o}che, Stefan and
	Krauss, Frank and Sch{\"o}nherr, Marek and Schumann, Steffen and
	Siegert, Frank and Winter, Jan-Christopher},
  title = {{Simulation of photon-photon interactions in hadron collisions with
	\Sherpa}},
  journal = {\np{179}{2008}{218-225}},
  url = {http://dx.doi.org/10.1016/j.nuclphysbps.2008.07.027},
  file = {:Archibald2008aa.pdf:PDF}
}

@ARTICLE{ArkaniHamed:1998rs,
  author = {Arkani-Hamed, Nima and Dimopoulos, Savas and Dvali, G. R.},
  title = {{The hierarchy problem and new dimensions at a millimeter}},
  journal = {\plb{429}{1998}{263-272}},
  eprint = {hep-ph/9803315},
  url = {http://www.slac.stanford.edu/spires/find/hep/www?eprint=hep-ph/9803315},
  file = {:ArkaniHamed1998rs.pdf:PDF},
  doi = {10.1016/S0370-2693(98)00466-3},
  slaccitation = {%%CITATION = HEP-PH/9803315;%%}
}

@ARTICLE{Artru:1974hr,
  author = {Artru, X. and Mennessier, G.},
  title = {{String model and multiproduction}},
  journal = {\npb{70}{1974}{93-115}},
  url = {http://www.slac.stanford.edu/spires/find/hep/www?j=NUPHA,B70,93},
  file = {:Artru1974hr.pdf:PDF}
}

@ARTICLE{Aubert:2006px,
  author = {Aubert, B. and others},
  title = {{Measurement of the $B^0 \to \pi^- l^+ \nu$ Form-Factor Shape and
	Branching Fraction, and Determination of $|V_{ub}|$ with a Loose
	Neutrino Reconstruction Technique}},
  journal = {\prl{98}{2007}{091801}},
  eprint = {hep-ex/0612020},
  url = {http://www.slac.stanford.edu/spires/find/hep/www?eprint=hep-ex/0612020},
  file = {:Aubert2006px.pdf:PDF},
  archiveprefix = {arXiv},
  collaboration = {BABAR},
  doi = {10.1103/PhysRevLett.98.091801},
  slaccitation = {%%CITATION = HEP-EX/0612020;%%}
}

@ARTICLE{Badelek:2001xb,
  author = {Badelek, B. and others},
  title = {{TESLA Technical Design Report, Part VI, Chapter 1: Photon collider
	at TESLA}},
  journal = {\ijmpa{19}{2004}{5097-5186}},
  eprint = {hep-ex/0108012},
  url = {http://www.slac.stanford.edu/spires/find/hep/www?eprint=hep-ex/0108012},
  file = {:Badelek2001xb.pdf:PDF},
  collaboration = {ECFA/DESY Photon Collider Working Group}
}

@ARTICLE{Badger:2005zh,
  author = {Badger, S. D. and Glover, E. W. N. and Khoze, V. V. and Svr{\v{c}}ek,
	P.},
  title = {{Recursion relations for gauge theory amplitudes with massive particles}},
  journal = {\jhep{07}{2005}{025}},
  eprint = {hep-th/0504159},
  url = {http://www.slac.stanford.edu/spires/find/hep/www?eprint=hep-th/0504159},
  file = {:Badger2005zh.pdf:PDF}
}

@ARTICLE{Bagger:1987fz,
  author = {Bagger, Jonathan and Schmidt, Carl and King, Stephen},
  title = {{Axigluon Production in Hadronic Collisions}},
  journal = {\prd{37}{1988}{1188}},
  file = {:Bagger1987fz.pdf:PDF},
  doi = {10.1103/PhysRevD.37.1188},
  slaccitation = {%%CITATION = PHRVA,D37,1188;%%}
}

@ARTICLE{Balitsky:1978ic,
  author = {I. I. Balitsky and L. N. Lipatov},
  title = {{The Pomeranchuk Singularity in Quantum Chromodynamics}},
  journal = {Sov. J. \np{28}{1978}{822-829}},
  url = {http://www.slac.stanford.edu/spires/find/hep/www?j=SJNCA,28,822}
}

@ARTICLE{Ball:2007hb,
  author = {Ball, Patricia and Jones, G. W.},
  title = {{$B \to \eta^{(')}$ form factors in QCD}},
  journal = {\jhep{08}{2007}{025}},
  eprint = {0706.3628},
  url = {http://www.slac.stanford.edu/spires/find/hep/www?eprint=arXiv:0706.3628},
  file = {:Ball2007hb.pdf:PDF},
  archiveprefix = {arXiv},
  primaryclass = {hep-ph},
  slaccitation = {%%CITATION = 0706.3628;%%}
}

@ARTICLE{Ball:2004rg,
  author = {Ball, Patricia and Zwicky, Roman},
  title = {{$B_{d,s} \to \rho, \omega, K^*, \Phi$ decay form factors from light-cone
	sum rules reexamined}},
  journal = {\prd{71}{2005}{014029}},
  eprint = {hep-ph/0412079},
  url = {http://www.slac.stanford.edu/spires/find/hep/www?eprint=hep-ph/0412079},
  file = {:Ball2004rg.pdf:PDF},
  archiveprefix = {arXiv},
  doi = {10.1103/PhysRevD.71.014029},
  slaccitation = {%%CITATION = HEP-PH/0412079;%%}
}

@ARTICLE{Ball:2004ye,
  author = {Ball, Patricia and Zwicky, Roman},
  title = {{New results on $B \to \pi, K, \eta$ decay form factors from light-cone
	sum rules}},
  journal = {\prd{71}{2005}{014015}},
  eprint = {hep-ph/0406232},
  url = {http://www.slac.stanford.edu/spires/find/hep/www?eprint=hep-ph/0406232},
  file = {:Ball2004ye.pdf:PDF},
  archiveprefix = {arXiv},
  doi = {10.1103/PhysRevD.71.014015},
  slaccitation = {%%CITATION = HEP-PH/0406232;%%}
}

@ARTICLE{Ballestrero:1994jn,
  author = {Ballestrero, Alessandro and Maina, Ezio},
  title = {{A new method for helicity calculations}},
  journal = {\plb{350}{1995}{225-233}},
  eprint = {hep-ph/9403244},
  url = {http://www.slac.stanford.edu/spires/find/hep/www?eprint=hep-ph/9403244},
  file = {:Ballestrero1994jn.pdf:PDF}
}

@ARTICLE{Ballestrero:1992dv,
  author = {Ballestrero, Alessandro and Maina, Ezio and Moretti, Stefano},
  title = {{Heavy quarks and leptons at $e^+e^-$ colliders}},
  journal = {\npb{415}{1994}{265-292}},
  eprint = {hep-ph/9212246},
  url = {http://www.slac.stanford.edu/spires/find/hep/www?eprint=hep-ph/9212246},
  file = {:Ballestrero1992dv.pdf:PDF},
  doi = {10.1016/0550-3213(94)90112-0},
  slaccitation = {%%CITATION = HEP-PH/9212246;%%}
}

@ARTICLE{Banfi:2006hf,
  author = {Banfi, Andrea and Salam, Gavin P. and Zanderighi, Giulia},
  title = {{Infrared-safe definition of jet flavour}},
  journal = {\epjc{47}{2006}{113-124}},
  eprint = {hep-ph/0601139},
  url = {http://www.slac.stanford.edu/spires/find/hep/www?eprint=hep-ph/0601139},
  file = {:Banfi2006hf.pdf:PDF}
}

@ARTICLE{Barberio:1993qi,
  author = {Barberio, Elisabetta and W{\c a}s, Zbigniew},
  title = {{PHOTOS - a universal monte carlo for QED radiative corrections:
	version 2.0}},
  journal = {\cpc{79}{1994}{291-308}},
  url = {http://www.slac.stanford.edu/spires/find/hep/www?j=CPHCB,79,291},
  file = {:Barberio1993qi.pdf:PDF},
  doi = {10.1016/0010-4655(94)90074-4},
  slaccitation = {%%CITATION = CPHCB,79,291;%%}
}

@BOOK{Barone:2002dc,
  title = {{High-energy particle diffraction}},
  publisher = {Berlin, Germany: Springer},
  year = {2002},
  author = {Barone, Vincenzo and Predazzi, Enrico},
  pages = {407}
}

@ARTICLE{Bartel:1986ua,
  author = {Bartel, W. and others},
  title = {{Experimental Studies on Multijet Production in $e^+$ $e^-$ Annihilation
	at PETRA Energies}},
  journal = {\zpc{33}{1986}{23}},
  file = {:Bartel1986ua.pdf:PDF},
  collaboration = {JADE},
  doi = {10.1007/BF01410449},
  slaccitation = {%%CITATION = ZEPYA,C33,23;%%}
}

@ARTICLE{Bartels:2005wa,
  author = {Bartels, J. and Salvadore, M. and Vacca, G. P.},
  title = {{AGK cutting rules and multiple scattering in hadronic collisions}},
  journal = {\epjc{42}{2005}{53-71}},
  eprint = {hep-ph/0503049},
  url = {http://www.slac.stanford.edu/spires/find/hep/www?eprint=hep-ph/0503049},
  file = {:Bartels2005wa.pdf:PDF}
}

@ARTICLE{Basham:1978bw,
  author = {Basham, C. Louis and Brown, Lowell S. and Ellis, Stephen D. and Love,
	Sherwin T.},
  title = {{Energy Correlations in electron - Positron Annihilation: Testing
	QCD}},
  journal = {\prl{41}{1978}{1585}},
  file = {:Basham1978bw.pdf:PDF},
  doi = {10.1103/PhysRevLett.41.1585},
  slaccitation = {%%CITATION = PRLTA,41,1585;%%}
}

@ARTICLE{Bassetto:1984ik,
  author = {Bassetto, A. and Ciafaloni, M. and Marchesini, G.},
  title = {{Jet structure and infrared sensitive quantities in perturbative
	QCD}},
  journal = {\prep{100}{1983}{201-272}},
  url = {http://www.slac.stanford.edu/spires/find/hep/www?j=PRPLC,100,201},
  file = {:Bassetto1984ik.pdf:PDF}
}

@ARTICLE{Bassetto:1982ma,
  author = {Bassetto, A. and Ciafaloni, M. and Marchesini, G. and Mueller, Alfred
	H.},
  title = {{Jet multiplicity and soft gluon factorization}},
  journal = {\npb{207}{1982}{189}},
  url = {http://www.slac.stanford.edu/spires/find/hep/www?j=NUPHA,B207,189},
  file = {:Bassetto1982ma.pdf:PDF}
}

@ARTICLE{Bauer:2008qh,
  author = {Bauer, Christian W. and Tackmann, Frank J. and Thaler, Jesse},
  title = {{GenEvA. (I). a new framework for event generation}},
  journal = {\jhep{12}{2008}{010}},
  eprint = {0801.4026},
  file = {:Bauer2008qh.pdf:PDF},
  archiveprefix = {arXiv},
  doi = {10.1088/1126-6708/2008/12/010},
  primaryclass = {hep-ph},
  slaccitation = {%%CITATION = 0801.4026;%%}
}

@ARTICLE{Bauer:2008qj,
  author = {Bauer, Christian W. and Tackmann, Frank J. and Thaler, Jesse},
  title = {{GenEvA (II): a phase space generator from a reweighted parton shower}},
  journal = {\jhep{12}{2008}{011}},
  eprint = {0801.4028},
  file = {:Bauer2008qj.pdf:PDF},
  archiveprefix = {arXiv},
  doi = {10.1088/1126-6708/2008/12/011},
  primaryclass = {hep-ph},
  slaccitation = {%%CITATION = 0801.4028;%%}
}

@ARTICLE{Baur:1988qt,
  author = {Baur, U. and Zeppenfeld, D.},
  title = {{Probing the WW$\gamma$ vertex at future hadron colliders}},
  journal = {\npb{308}{1988}{127}},
  url = {http://www.slac.stanford.edu/spires/find/hep/www?j=NUPHA,B308,127},
  file = {:Baur1988qt.pdf:PDF},
  doi = {10.1016/0550-3213(88)90045-4},
  slaccitation = {%%CITATION = NUPHA,B308,127;%%}
}

@ARTICLE{Belanger:2003sd,
  author = {Belanger, G. and others},
  title = {{Automatic calculations in high energy physics and {\tt GRACE} at
	one-loop}},
  journal = {\prep{430}{2006}{117-209}},
  eprint = {hep-ph/0308080},
  url = {http://www.slac.stanford.edu/spires/find/hep/www?eprint=hep-ph/0308080},
  file = {:Belanger2003sd.pdf:PDF}
}

@ARTICLE{Belokurov:1980ba,
  author = {Belokurov, V. V. and Usyukina, N. I.},
  title = {{On exponentiation of the singlet quark form-factor in the leading
	logarithm approximation}},
  journal = {\plb{94}{1980}{251-253}},
  url = {http://www.slac.stanford.edu/spires/find/hep/www?j=PHLTA,B94,251},
  file = {:Belokurov1980ba.pdf:PDF}
}

@ARTICLE{Bena:2004ry,
  author = {Bena, Iosif and Bern, Zvi and Kosower, David A.},
  title = {{Twistor-space recursive formulation of gauge-theory amplitudes}},
  journal = {\prd{71}{2005}{045008}},
  eprint = {hep-th/0406133},
  url = {http://www.slac.stanford.edu/spires/find/hep/www?eprint=hep-th/0406133},
  file = {:Bena2004ry.pdf:PDF}
}

@ARTICLE{Beneke:2000ry,
  author = {Beneke, M. and Buchalla, G. and Neubert, M. and Sachrajda, Christopher
	T.},
  title = {{QCD factorization for exclusive, non-leptonic B meson decays: General
	arguments and the case of heavy-light final states}},
  journal = {\npb{591}{2000}{313-418}},
  eprint = {hep-ph/0006124},
  file = {:Beneke2000ry.pdf:PDF},
  archiveprefix = {arXiv},
  doi = {10.1016/S0550-3213(00)00559-9},
  slaccitation = {%%CITATION = HEP-PH/0006124;%%}
}

@ARTICLE{Bengtsson:1986et,
  author = {Bengtsson, Mats and Torbj{\"o}rn Sj{\"o}strand},
  title = {{A comparative study of coherent and non-coherent parton shower evolution}},
  journal = {\npb{289}{1987}{810}},
  url = {http://www.slac.stanford.edu/spires/find/hep/www?j=NUPHA,B289,810},
  file = {:Bengtsson1986et.pdf:PDF}
}

@ARTICLE{Bengtsson:1986hr,
  author = {Bengtsson, Mats and Sj{\"o}strand, Torbjorn},
  title = {{Coherent Parton Showers Versus Matrix Elements: Implications of
	PETRA - PEP Data}},
  journal = {\plb{185}{1987}{435}},
  file = {:Bengtsson1986hr.pdf:PDF},
  doi = {10.1016/0370-2693(87)91031-8},
  slaccitation = {%%CITATION = PHLTA,B185,435;%%}
}

@ARTICLE{Bengtsson:1988qg,
  author = {Bengtsson, M. and Zerwas, P. M.},
  title = {{Four-jet events in $e^+ e^-$ Annihilation: Testing the three-gluon
	vertex}},
  journal = {\plb{208}{1988}{306}},
  file = {:Bengtsson1988qg.pdf:PDF},
  doi = {10.1016/0370-2693(88)90435-2},
  slaccitation = {%%CITATION = PHLTA,B208,306;%%}
}

@ARTICLE{Berdine:2007uv,
  author = {Berdine, D. and Kauer, N. and Rainwater, D.},
  title = {{Breakdown of the Narrow Width Approximation for New Physics}},
  journal = {\prl{99}{2007}{111601}},
  eprint = {hep-ph/0703058},
  url = {http://www.slac.stanford.edu/spires/find/hep/www?eprint=hep-ph/0703058},
  file = {:Berdine2007uv.pdf:PDF},
  archiveprefix = {arXiv},
  doi = {10.1103/PhysRevLett.99.071801},
  slaccitation = {%%CITATION = HEP-PH/0703058;%%}
}

@ARTICLE{Berends:1987cv,
  author = {Berends, Frits A. and Giele, W.},
  title = {{The six-gluon process as an example of Weyl-van der Waerden spinor
	calculus}},
  journal = {\npb{294}{1987}{700}},
  url = {http://www.slac.stanford.edu/spires/find/hep/www?j=NUPHA,B294,700},
  file = {:Berends1987cv.pdf:PDF}
}

@ARTICLE{Berends:1987me,
  author = {Berends, Frits A. and Giele, W. T.},
  title = {{Recursive calculations for processes with $n$ gluons}},
  journal = {\npb{306}{1988}{759}},
  url = {http://www.slac.stanford.edu/spires/find/hep/www?j=NUPHA,B306,759},
  file = {:Berends1987me.pdf:PDF}
}

@ARTICLE{Berends:1988yn,
  author = {Berends, Frits A. and Giele, W. T. and Kuijf, H.},
  title = {{Exact expressions for processes involving a vector boson and up
	to five partons}},
  journal = {\npb{321}{1989}{39}},
  url = {http://www.slac.stanford.edu/spires/find/hep/www?j=NUPHA,B321,39},
  file = {:Berends1988yn.pdf:PDF}
}

@ARTICLE{Berends:1989ie,
  author = {Berends, Frits A. and Giele, W. T. and Kuijf, H.},
  title = {{On six-jet production at hadron colliders}},
  journal = {\plb{232}{1989}{266}},
  url = {http://www.slac.stanford.edu/spires/find/hep/www?j=PHLTA,B232,266},
  file = {:Berends1989ie.pdf:PDF}
}

@ARTICLE{Berends:1989cf,
  author = {Berends, Frits A. and Giele, W. T. and Kuijf, H. and Kleiss, R. and
	Stirling, W. James},
  title = {{Multi-jet production in W, Z events at $p\bar p$ colliders}},
  journal = {\plb{224}{1989}{237}},
  url = {http://www.slac.stanford.edu/spires/find/hep/www?j=PHLTA,B224,237},
  file = {:Berends1989cf.pdf:PDF},
  doi = {10.1016/0370-2693(89)91081-2},
  slaccitation = {%%CITATION = PHLTA,B224,237;%%}
}

@ARTICLE{Berends:1994pv,
  author = {F.~A.~Berends and R.~Pittau and R.~Kleiss},
  title = {{All electroweak four-fermion processes in electron-positron collisions}},
  journal = {\npb{424}{1994}{308}},
  eprint = {hep-ph/9404313},
  url = {http://www.slac.stanford.edu/spires/find/hep/www?eprint=hep-ph/9404313},
  file = {:Berends1994pv.pdf:PDF}
}

@ARTICLE{Bernicot:2008th,
  author = {Bernicot, Christophe},
  title = {{Light-light amplitude from generalized unitarity in massive QED}},
  year = {2008},
  eprint = {0804.0749},
  url = {http://www.slac.stanford.edu/spires/find/hep/www?eprint=arXiv:0804.0749},
  file = {:Bernicot2008th.pdf:PDF},
  archiveprefix = {arXiv},
  primaryclass = {hep-ph},
  slaccitation = {%%CITATION = 0804.0749;%%}
}

@ARTICLE{Binoth:2008uq,
  author = {Binoth, T. and Guillet, J. -Ph. and Heinrich, G. and Pilon, E. and
	Reiter, T.},
  title = {{Golem95: a numerical program to calculate one-loop tensor integrals
	with up to six external legs}},
  year = {2008},
  eprint = {0810.0992},
  url = {http://www.slac.stanford.edu/spires/find/hep/www?eprint=arXiv:0810.0992},
  file = {:Binoth2008uq.pdf:PDF},
  archiveprefix = {arXiv},
  primaryclass = {hep-ph},
  slaccitation = {%%CITATION = 0810.0992;%%}
}

@ARTICLE{Bird:2005js,
  author = {Bird, I. and others},
  title = {{LHC computing Grid. Technical design report}},
  note = {CERN-LHCC-2005-024},
  url = {http://www.slac.stanford.edu/spires/find/hep/www?r=CERN-LHCC-2005-024},
  file = {:Bird2005js.pdf:PDF}
}

@ARTICLE{Birthwright:2005ak,
  author = {Birthwright, T. G. and Glover, E. W. N. and Khoze, V. V. and Marquard,
	P.},
  title = {{Multi-gluon collinear limits from MHV diagrams}},
  journal = {\jhep{05}{2005}{013}},
  eprint = {hep-ph/0503063},
  url = {http://www.slac.stanford.edu/spires/find/hep/www?eprint=hep-ph/0503063},
  file = {:Birthwright2005ak.pdf:PDF}
}

@ARTICLE{Birthwright:2005vi,
  author = {Birthwright, T. G. and Glover, E. W. N. and Khoze, V. V. and Marquard,
	P.},
  title = {{Collinear limits in QCD from MHV rules}},
  journal = {\jhep{07}{2005}{068}},
  eprint = {hep-ph/0505219},
  url = {http://www.slac.stanford.edu/spires/find/hep/www?eprint=hep-ph/0505219},
  file = {:Birthwright2005vi.pdf:PDF}
}

@ARTICLE{Blazey:2000qt,
  author = {Blazey, Gerald C. and others},
  title = {{Run II jet physics}},
  year = {2000},
  eprint = {hep-ex/0005012},
  url = {http://www.slac.stanford.edu/spires/find/hep/www?eprint=hep-ex/0005012},
  file = {:Blazey2000qt.pdf:PDF}
}

@ARTICLE{Boos:2004kh,
  author = {Boos, E. and others},
  title = {{CompHEP 4.4 - automatic computations from Lagrangians to events}},
  journal = {\nim{A534}{2004}{250-259}},
  eprint = {hep-ph/0403113},
  file = {:Boos2004kh.pdf:PDF},
  archiveprefix = {arXiv},
  collaboration = {CompHEP},
  doi = {10.1016/j.nima.2004.07.096},
  slaccitation = {%%CITATION = HEP-PH/0403113;%%}
}

@ARTICLE{Borozan:2002fk,
  author = {Borozan, I. and Seymour, M. H.},
  title = {{An eikonal model for multiparticle production in hadron-hadron interactions}},
  journal = {\jhep{09}{2002}{015}},
  eprint = {hep-ph/0207283},
  url = {http://www.slac.stanford.edu/spires/find/hep/www?eprint=hep-ph/0207283},
  file = {:Borozan2002fk.pdf:PDF}
}

@ARTICLE{Botella:1985gb,
  author = {Botella, F. J. and Chau, Ling-Lie},
  title = {{Anticipating the Higher Generations of Quarks from Rephasing Invariance
	of the Mixing Matrix}},
  journal = {\plb{168}{1986}{97}},
  file = {:Botella1985gb.pdf:PDF},
  doi = {10.1016/0370-2693(86)91468-1},
  slaccitation = {%%CITATION = PHLTA,B168,97;%%}
}

@ARTICLE{Bowler:1981sb,
  author = {Bowler, M. G.},
  title = {{$e^+e^-$ production of heavy quarks in the string model}},
  journal = {\zpc{11}{1981}{169}},
  url = {http://www.slac.stanford.edu/spires/find/hep/www?j=ZEPYA,C11,169},
  file = {:Bowler1981sb.pdf:PDF}
}

@ARTICLE{Bredenstein:2004ef,
  author = {Bredenstein, A. and Dittmaier, S. and Roth, M.},
  title = {{Four-fermion production at gamma gamma colliders: I. Lowest-order
	predictions and anomalous couplings}},
  journal = {\epjc{36}{2004}{341-363}},
  eprint = {hep-ph/0405169},
  file = {:Bredenstein2004ef.pdf:PDF},
  archiveprefix = {arXiv},
  doi = {10.1140/epjc/s2004-01948-4},
  slaccitation = {%%CITATION = HEP-PH/0405169;%%}
}

@ARTICLE{Breitweg:1998gf,
  author = {Breitweg, J. and others},
  title = {{Measurement of jet shapes in high-$Q^{2}$ deep inelastic scattering
	at HERA}},
  journal = {\epjc{8}{1999}{367-380}},
  note = {DESY-98-038},
  eprint = {hep-ex/9804001},
  url = {http://www-library.desy.de/spires/find/hep/www?eprint=hep-ex/9804001},
  file = {:Breitweg1998gf.pdf:PDF},
  archiveprefix = {arXiv},
  collaboration = {ZEUS},
  doi = {10.1007/s100520050471},
  slaccitation = {%%CITATION = HEP-EX/9804001;%%}
}

@ARTICLE{Breitweg:1999nt,
  author = {Breitweg, J. and others},
  title = {{Measurement of multiplicity and momentum spectra in the current
	and target regions of the Breit frame in Deep Inelastic Scattering
	at HERA}},
  journal = {\epjc{11}{1999}{251-270}},
  note = {DESY-99-041},
  eprint = {hep-ex/9903056},
  url = {http://www-library.desy.de/spires/find/hep/www?eprint=hep-ex/9903056},
  file = {:Breitweg1999nt.pdf:PDF},
  archiveprefix = {arXiv},
  collaboration = {ZEUS},
  doi = {10.1007/s100520050630},
  slaccitation = {%%CITATION = HEP-EX/9903056;%%}
}

@ARTICLE{Britto:2004ap,
  author = {Britto, Ruth and Cachazo, Freddy and Feng, Bo},
  title = {{New recursion relations for tree amplitudes of gluons}},
  journal = {\npb{715}{2005}{499-522}},
  eprint = {hep-th/0412308},
  url = {http://www.slac.stanford.edu/spires/find/hep/www?eprint=hep-th/0412308},
  file = {:Britto2004ap.pdf:PDF}
}

@ARTICLE{Britto:2005fq,
  author = {Britto, Ruth and Cachazo, Freddy and Feng, Bo and Witten, Edward},
  title = {{Direct Proof of the Tree-Level Scattering Amplitude Recursion Relation
	in Yang-Mills Theory}},
  journal = {\prl{94}{2005}{181602}},
  eprint = {hep-th/0501052},
  url = {http://www.slac.stanford.edu/spires/find/hep/www?eprint=hep-th/0501052},
  file = {:Britto2005fq.pdf:PDF}
}

@ARTICLE{Brook:1995nn,
  author = {Brook, N. and Waugh, R. G. and Carli, T. and Mohr, R. and Sutton,
	M.},
  title = {{Tuning Monte Carlo event generators to HERA data}},
  note = {Prepared for Workshop on Future Physics at HERA (Preceded by meetings
	25-26 Sep 1995 and 7-9 Feb 1996 at DESY), Hamburg, Germany, 30-31
	May 1996},
  url = {http://citeseerx.ist.psu.edu/viewdoc/summary?doi=10.1.1.48.4310},
  file = {:Brook1995nn.pdf:PDF}
}

@ARTICLE{Brown:1991hx,
  author = {Brown, N. and Stirling, W. James},
  title = {{Finding Jets and Summing Soft Gluons: a New Algorithm}},
  journal = {\zpc{53}{1992}{629-636}},
  url = {http://www.slac.stanford.edu/spires/find/hep/www?j=ZEPYA,C53,629},
  file = {:Brown1991hx.pdf:PDF},
  doi = {10.1007/BF01559740},
  slaccitation = {%%CITATION = ZEPYA,C53,629;%%}
}

@ARTICLE{Buckley:2008vh,
  author = {Buckley, Andy},
  title = {{Tools for event generator tuning and validation}},
  year = {2008},
  eprint = {0809.4638},
  url = {http://www.slac.stanford.edu/spires/find/hep/www?eprint=arXiv:0809.4638},
  archiveprefix = {arXiv},
  primaryclass = {hep-ph},
  slaccitation = {%%CITATION = 0809.4638;%%}
}

@ARTICLE{Buckley:2009ad,
  author = {Buckley, Andy and Hoeth, Hendrik and Schulz, Holger and von Seggern,
	Jan Eike},
  title = {{Monte Carlo event generator validation and tuning for the LHC}},
  year = {2009},
  eprint = {0902.4403},
  url = {http://www.slac.stanford.edu/spires/find/hep/www?eprint=arXiv:0902.4403},
  archiveprefix = {arXiv},
  primaryclass = {hep-ph},
  slaccitation = {%%CITATION = 0902.4403;%%}
}

@ARTICLE{Budnev:1974de,
  author = {Budnev, V. M. and Ginzburg, I. F. and Meledin, G. V. and Serbo, V.
	G.},
  title = {{The two photon particle production mechanism. Physical problems.
	Applications. Equivalent photon approximation}},
  journal = {\prep{15}{1974}{181-281}},
  url = {http://www.slac.stanford.edu/spires/find/hep/www?j=PRPLC,15,181},
  file = {:Budnev1974de.pdf:PDF}
}

@ARTICLE{Butterworth:1996zw,
  author = {John M. Butterworth and Jeffrey R. Forshaw and Mike H. Seymour},
  title = {{Multiparton Interactions in Photoproduction at HERA}},
  journal = {\zpc{72}{1996}{637-646}},
  eprint = {hep-ph/9601371},
  url = {http://www.slac.stanford.edu/spires/find/hep/www?eprint=hep-ph/9601371},
  file = {:Butterworth1996zw.pdf:PDF}
}

@ARTICLE{Byckling:1969sx,
  author = {Byckling, E. and Kajantie, K.},
  title = {{N-particle phase space in terms of invariant momentum transfers}},
  journal = {\npb{9}{1969}{568-576}},
  url = {http://www.slac.stanford.edu/spires/find/hep/www?j=NUPHA,B9,568},
  file = {:Byckling1969sx.pdf:PDF}
}

@ARTICLE{Bahr:2008pv,
  author = {B{\"a}hr, M. and others},
  title = {{Herwig++ Physics and Manual}},
  journal = {\epjc{58}{2008}{639-707}},
  eprint = {0803.0883},
  file = {:Bahr2008pv.pdf:PDF},
  archiveprefix = {arXiv},
  doi = {10.1140/epjc/s10052-008-0798-9},
  primaryclass = {hep-ph},
  slaccitation = {%%CITATION = 0803.0883;%%}
}

@ARTICLE{Bahr:2008wk,
  author = {B{\"a}hr, Manuel and Butterworth, Jonathan M. and Seymour, Michael
	H.},
  title = {{The Underlying Event and the Total Cross Section from Tevatron to
	the LHC}},
  journal = {\jhep{01}{2009}{065}},
  eprint = {0806.2949},
  file = {:Bahr2008wk.pdf:PDF},
  archiveprefix = {arXiv},
  doi = {10.1088/1126-6708/2009/01/065},
  primaryclass = {hep-ph},
  slaccitation = {%%CITATION = 0806.2949;%%}
}

@ARTICLE{Bahr:2008dy,
  author = {B{\"a}hr, Manuel and Gieseke, Stefan and Seymour, Michael H.},
  title = {{Simulation of multiple partonic interactions in {\Herwig}++}},
  journal = {\jhep{07}{2008}{076}},
  eprint = {0803.3633},
  url = {http://www.slac.stanford.edu/spires/find/hep/www?eprint=arXiv:0803.3633},
  file = {:Bahr2008dy.pdf:PDF},
  archiveprefix = {arXiv},
  primaryclass = {hep-ph}
}

@ARTICLE{Cachazo:2004kj,
  author = {Cachazo, Freddy and Svr\v{c}ek, Peter and Witten, Edward},
  title = {{MHV vertices and tree amplitudes in gauge theory}},
  journal = {\jhep{09}{2004}{006}},
  eprint = {hep-th/0403047},
  url = {http://www.slac.stanford.edu/spires/find/hep/www?eprint=hep-th/0403047},
  file = {:Cachazo2004kj.pdf:PDF}
}

@ARTICLE{Cachazo:2005ga,
  author = {Cachazo, Freddy and Svr{\v{c}}ek, Peter},
  title = {{Lectures on Twistor Strings and Perturbative Yang-Mills Theory}},
  journal = {\pos{RTN2005}{2005}{004}},
  eprint = {hep-th/0504194},
  url = {http://www.slac.stanford.edu/spires/find/hep/www?eprint=hep-th/0504194},
  file = {:Cachazo2005ga.pdf:PDF}
}

@ARTICLE{Cafarella:2007pc,
  author = {Cafarella, Alessandro and Papadopoulos, Costas G. and Worek, Malgorzata},
  title = {{\Helac-\Phegas: a generator for all parton level processes}},
  year = {2007},
  eprint = {0710.2427},
  url = {http://www.slac.stanford.edu/spires/find/hep/www?eprint=arXiv:0710.2427},
  file = {:Cafarella2007pc.pdf:PDF},
  archiveprefix = {arXiv},
  primaryclass = {hep-ph}
}

@ARTICLE{MCFM,
  author = {Campbell, John and Ellis, R. Keith},
  title = {{MCFM -- Monte Carlo for FeMtobarn processes}},
  url = {http://mcfm.fnal.gov}
}

@ARTICLE{Caprini:1997mu,
  author = {Caprini, Irinel and Lellouch, Laurent and Neubert, Matthias },
  title = {{Dispersive bounds on the shape of $\bar{B} \to D^{(*)} l \bar{\nu}$
	form factors}},
  journal = {\npb{530}{1998}{153-181}},
  eprint = {hep-ph/9712417},
  url = {http://www.slac.stanford.edu/spires/find/hep/www?eprint=hep-ph/9712417},
  file = {:Caprini1997mu.pdf:PDF},
  archiveprefix = {arXiv},
  doi = {10.1016/S0550-3213(98)00350-2},
  slaccitation = {%%CITATION = HEP-PH/9712417;%%}
}

@ARTICLE{Caravaglios:1998yr,
  author = {Caravaglios, F. and Mangano, Michelangelo L. and Moretti, M. and
	Pittau, R.},
  title = {{A new approach to multi-jet calculations in hadron collisions}},
  journal = {\npb{539}{1999}{215-232}},
  eprint = {hep-ph/9807570},
  url = {http://www.slac.stanford.edu/spires/find/hep/www?eprint=hep-ph/9807570},
  file = {:Caravaglios1998yr.pdf:PDF}
}

@ARTICLE{Catani:1990eg,
  author = {Stefano Catani and M. Ciafaloni and F. Hautmann},
  title = {{High energy factorization and small-$x$ heavy flavour production}},
  journal = {\npb{366}{1991}{135-188}},
  url = {http://www.slac.stanford.edu/spires/find/hep/www?j=NUPHA,B366,135},
  file = {:Catani1990eg.pdf:PDF}
}

@ARTICLE{Catani:2002hc,
  author = {Catani, Stefano and Dittmaier, Stefan and Seymour, Michael H. and
	Trocsanyi, Zoltan},
  title = {{The dipole formalism for next-to-leading order QCD calculations
	with massive partons}},
  journal = {\npb{627}{2002}{189-265}},
  eprint = {hep-ph/0201036},
  url = {http://www.slac.stanford.edu/spires/find/hep/www?eprint=hep-ph/0201036},
  file = {:Catani2002hc.pdf:PDF}
}

@ARTICLE{Catani:2000ef,
  author = {Catani, Stefano and Dittmaier, Stefan and Trocsanyi, Zoltan},
  title = {{One-loop singular behaviour of QCD and SUSY QCD amplitudes with
	massive partons}},
  journal = {\plb{500}{2001}{149-160}},
  eprint = {hep-ph/0011222},
  url = {http://www.slac.stanford.edu/spires/find/hep/www?eprint=hep-ph/0011222},
  file = {:Catani2000ef.pdf:PDF}
}

@ARTICLE{Catani:1991hj,
  author = {Catani, S. and Dokshitzer, Yuri L. and Olsson, M. and Turnock, G.
	and Webber, B. R.},
  title = {{New clustering algorithm for multijet cross sections in $e^+e^-$
	annihilation}},
  journal = {\plb{269}{1991}{432-438}},
  url = {http://www.slac.stanford.edu/spires/find/hep/www?j=PHLTA,B269,432},
  file = {:Catani1991hj.pdf:PDF}
}

@ARTICLE{Catani:1993hr,
  author = {Stefano Catani and Yuri L. Dokshitzer and Mike H. Seymour and Brian
	R. Webber},
  title = {{Longitudinally-invariant $k_\perp$-clustering algorithms for hadron--hadron
	collisions}},
  journal = {\npb{406}{1993}{187-224}},
  url = {http://www.slac.stanford.edu/spires/find/hep/www?j=NUPHA,B406,187},
  file = {:Catani1993hr.pdf:PDF}
}

@ARTICLE{Catani:1992zp,
  author = {Stefano Catani and Yuri L. Dokshitzer and Brian R. Webber},
  title = {{The $k_\perp$ clustering algorithm for jets in deep inelastic scattering
	and hadron collisions}},
  journal = {\plb{285}{1992}{291-299}},
  url = {http://www.slac.stanford.edu/spires/find/hep/www?j=PHLTA,B285,291},
  file = {:Catani1992zp.pdf:PDF}
}

@ARTICLE{Catani:1989sg,
  author = {Stefano Catani and F. Fiorani and G. Marchesini},
  title = {{Small-$x$ behavior of initial state radiation in perturbative QCD}},
  journal = {\npb{336}{1990}{18-85}},
  url = {http://www.slac.stanford.edu/spires/find/hep/www?j=NUPHA,B336,18},
  file = {:Catani1989sg.pdf:PDF}
}

@ARTICLE{Catani:1989yc,
  author = {Stefano Catani and F. Fiorani and G. Marchesini},
  title = {{QCD coherence in initial state radiation}},
  journal = {\plb{234}{1990}{339-345}},
  url = {http://www.slac.stanford.edu/spires/find/hep/www?j=PHLTA,B234,339},
  file = {:Catani1989yc.pdf:PDF}
}

@ARTICLE{Catani:2001cc,
  author = {Stefano Catani and Frank Krauss and Ralf Kuhn and Brian R. Webber},
  title = {{QCD matrix elements + parton showers}},
  journal = {\jhep{11}{2001}{063}},
  eprint = {hep-ph/0109231},
  url = {http://www.slac.stanford.edu/spires/find/hep/www?eprint=hep-ph/0109231},
  file = {:Catani2001cc.pdf:PDF}
}

@ARTICLE{Catani:1996dj,
  author = {Catani, Stefano and Mangano, Michelangelo L. and Nason, Paolo and
	Trentadue, Luca},
  title = {{The top cross section in hadronic collisions}},
  journal = {\plb{378}{1996}{329-336}},
  eprint = {hep-ph/9602208},
  url = {http://www.slac.stanford.edu/spires/find/hep/www?eprint=hep-ph/9602208},
  file = {:Catani1996dj.pdf:PDF},
  archiveprefix = {arXiv},
  doi = {10.1016/0370-2693(96)00387-5},
  slaccitation = {%%CITATION = HEP-PH/9602208;%%}
}

@ARTICLE{Catani:1996vz,
  author = {Catani, S. and Seymour, M. H.},
  title = {{A general algorithm for calculating jet cross sections in NLO QCD}},
  journal = {\npb{485}{1997}{291-419}},
  eprint = {hep-ph/9605323},
  url = {http://www.slac.stanford.edu/spires/find/hep/www?eprint=hep-ph/9605323},
  file = {:Catani1996vz.pdf:PDF},
  archiveprefix = {arXiv}
}

@ARTICLE{Catani:1989et,
  author = {Catani, S. and Trentadue, L.},
  title = {{Fermion pair exponentiation in QED}},
  journal = {\jetpl{51}{1990}{83}},
  url = {http://www.slac.stanford.edu/spires/find/hep/www?j=JTPLA,51,83},
  file = {:Catani1989et.pdf:PDF}
}

@ARTICLE{Catani:1989ne,
  author = {Catani, S. and Trentadue, L.},
  title = {{Resummation of the QCD perturbative series for hard processes}},
  journal = {\npb{327}{1989}{323}},
  url = {http://www.slac.stanford.edu/spires/find/hep/www?j=NUPHA,B327,323},
  file = {:Catani1989ne.pdf:PDF}
}

@ARTICLE{Catani:1990rr,
  author = {Catani, S. and Webber, B. R. and Marchesini, G.},
  title = {{QCD coherent branching and semiinclusive processes at large $x$}},
  journal = {\npb{349}{1991}{635-654}},
  url = {http://www.slac.stanford.edu/spires/find/hep/www?j=NUPHA,B349,635},
  file = {:Catani1990rr.pdf:PDF},
  doi = {10.1016/0550-3213(91)90390-J},
  slaccitation = {%%CITATION = NUPHA,B349,635;%%}
}

@ARTICLE{Chekanov:2006xr,
  author = {Chekanov, S. and others},
  title = {{Inclusive-jet and dijet cross sections in deep inelastic scattering
	at HERA}},
  journal = {\npb{765}{2007}{1-30}},
  eprint = {hep-ex/0608048},
  file = {:Chekanov2006xr.pdf:PDF},
  archiveprefix = {arXiv},
  collaboration = {ZEUS},
  doi = {10.1016/j.nuclphysb.2006.09.018},
  slaccitation = {%%CITATION = HEP-EX/0608048;%%}
}

@ARTICLE{Cho:2006sx,
  author = {Cho, G. -C. and others},
  title = {{Weak boson fusion production of supersymmetric particles at the
	LHC}},
  journal = {\prd{73}{2006}{054002}},
  eprint = {hep-ph/0601063},
  url = {http://www.slac.stanford.edu/spires/find/hep/www?eprint=hep-ph/0601063},
  file = {:Cho2006sx.pdf:PDF},
  archiveprefix = {arXiv},
  doi = {10.1103/PhysRevD.73.054002},
  slaccitation = {%%CITATION = HEP-PH/0601063;%%}
}

@ARTICLE{Christensen:2008py,
  author = {Christensen, Neil D. and Duhr, Claude},
  title = {{FeynRules - Feynman rules made easy}},
  year = {2008},
  eprint = {0806.4194},
  url = {http://www.slac.stanford.edu/spires/find/hep/www?eprint=arXiv:0806.4194},
  file = {:Christensen2008py.pdf:PDF},
  archiveprefix = {arXiv},
  primaryclass = {hep-ph}
}

@ARTICLE{Chudakov:55ce,
  author = {A. E. Chudakov},
  journal = {Ser. Fiz., Izv. Akad. Nauk {SSSR}},
  year = {1955},
  volume = {19},
  pages = {650}
}

@ARTICLE{Chung:2006dv,
  author = {Chung, Y. S.},
  title = {{W / Z + jets and Z p(T) measurements at Tevatron}},
  note = {FERMILAB-CONF-06-535-E},
  url = {http://www.slac.stanford.edu/spires/find/hep/www?r=FERMILAB-CONF-06-535-E},
  file = {:Chung2006dv.pdf:PDF},
  collaboration = {CDF}
}

@ARTICLE{Ciafaloni:1987ur,
  author = {Ciafaloni, Marcello},
  title = {{Coherence effects in initial jets at small $Q^2/s$}},
  journal = {\npb{296}{1988}{49-74}},
  url = {http://www.slac.stanford.edu/spires/find/hep/www?j=NUPHA,B296,49},
  file = {:Ciafaloni1987ur.pdf:PDF}
}

@ARTICLE{Coleman:1967ad,
  author = {Coleman, Sidney R. and Mandula, J.},
  title = {{All Possible Symmetries of the S Matrix}},
  journal = {\pr{159}{1967}{1251-1256}},
  url = {http://www.slac.stanford.edu/spires/find/hep/www?j=PHRVA,159,1251},
  file = {:Coleman1967ad.pdf:PDF},
  doi = {10.1103/PhysRev.159.1251},
  slaccitation = {%%CITATION = PHRVA,159,1251;%%}
}

@ARTICLE{Collins:1991ty,
  author = {Collins, John C. and Ellis, R. K.},
  title = {{Heavy quark production in very high energy hadron collisions}},
  journal = {\npb{360}{1991}{3-30}},
  url = {http://www.slac.stanford.edu/spires/find/hep/www?j=NUPHA,B360,3},
  file = {:Collins1991ty.pdf:PDF}
}

@ARTICLE{Collins:1987pm,
  author = {Collins, John C. and Soper, Davison E.},
  title = {{The theorems of perturbative QCD}},
  journal = {\arnps{37}{1987}{383-409}},
  url = {http://www.slac.stanford.edu/spires/find/hep/www?j=ARNUA,37,383},
  file = {:Collins1987pm.pdf:PDF}
}

@ARTICLE{Collins:1981uw,
  author = {Collins, John C. and Soper, Davison E.},
  title = {{Parton distribution and decay functions}},
  journal = {\npb{194}{1982}{445}},
  url = {http://www.slac.stanford.edu/spires/find/hep/www?j=NUPHA,B194,445},
  file = {:Collins1981uw.pdf:PDF}
}

@ARTICLE{Collins:1981uk,
  author = {Collins, John C. and Soper, Davison E.},
  title = {{Back-to-back jets in QCD}},
  journal = {\npb{193}{1981}{381}},
  url = {http://www.slac.stanford.edu/spires/find/hep/www?j=NUPHA,B193,381},
  file = {:Collins1981uk.pdf:PDF}
}

@ARTICLE{Collins:1988ig,
  author = {Collins, J. C. and Soper, D. E. and Sterman, G.},
  title = {{Soft gluons and factorization}},
  journal = {\npb{308}{1988}{833-856}},
  url = {http://www.slac.stanford.edu/spires/find/hep/www?j=NUPHA,B308,833},
  file = {:Collins1988ig.pdf:PDF}
}

@ARTICLE{Collins:1989gx,
  author = {Collins, John C. and Soper, Davison E. and Sterman, George},
  title = {{Factorization of hard processes in QCD}},
  journal = {\asdhep{5}{1988}{1-91}},
  eprint = {hep-ph/0409313},
  url = {http://www.slac.stanford.edu/spires/find/hep/www?eprint=hep-ph/0409313},
  file = {:Collin very brieflys1989gx.pdf:PDF}
}

@ARTICLE{Collins:1981ta,
  author = {Collins, John C. and Sterman, George},
  title = {{Soft partons in QCD}},
  journal = {\npb{185}{1981}{172}},
  url = {http://www.slac.stanford.edu/spires/find/hep/www?j=NUPHA,B185,172},
  file = {:Collins1981ta.pdf:PDF}
}

@ARTICLE{Corcella:2002jc,
  author = {Corcella, G. and others},
  title = {{HERWIG 6.5 Release Note}},
  eprint = {hep-ph/0210213},
  url = {http://www.slac.stanford.edu/spires/find/hep/www?eprint=hep-ph/0210213},
  file = {:Corcella2002jc.pdf:PDF}
}

@ARTICLE{Corcella:1998rs,
  author = {Corcella, G. and Seymour, M. H.},
  title = {{Matrix element corrections to parton shower simulations of heavy
	quark decay}},
  journal = {\plb{442}{1998}{417-426}},
  eprint = {hep-ph/9809451},
  url = {http://www.slac.stanford.edu/spires/find/hep/www?eprint=hep-ph/9809451},
  file = {:Corcella1998rs.pdf:PDF}
}

@ARTICLE{Cornwall:1975ty,
  author = {Cornwall, John M. and Tiktopoulos, George},
  title = {{Infrared behavior of nonabelian gauge theories}},
  journal = {\prd{13}{1976}{3370}},
  url = {http://www.slac.stanford.edu/spires/find/hep/www?j=PHRVA,D13,3370},
  file = {:Cornwall1975ty.pdf:PDF}
}

@ARTICLE{Daleo:2006xa,
  author = {Daleo, A. and Gehrmann, T. and Maitre, D.},
  title = {{Antenna subtraction with hadronic initial states}},
  journal = {\jhep{04}{2007}{016}},
  eprint = {hep-ph/0612257},
  url = {http://www.slac.stanford.edu/spires/find/hep/www?eprint=hep-ph/0612257},
  file = {:Daleo2006xa.pdf:PDF}
}

@ARTICLE{Dawson:1990zj,
  author = {Dawson, S.},
  title = {{Radiative corrections to Higgs boson production}},
  journal = {\npb{359}{1991}{283-300}},
  file = {:Dawson1990zj.pdf:PDF},
  doi = {10.1016/0550-3213(91)90061-2}
}

@ARTICLE{Dedes:2008bf,
  author = {Dedes, Athanasios and Figy, Terrance and H{\"o}che, Stefan and Krauss,
	Frank and Underwood, Thomas E. J.},
  title = {{Searching for Nambu-Goldstone Bosons at the LHC}},
  journal = {\jhep{11}{2008}{036}},
  eprint = {0807.4666},
  url = {http://www.slac.stanford.edu/spires/find/hep/www?eprint=arXiv:0807.4666},
  file = {:Dedes2008bf.pdf:PDF},
  archiveprefix = {arXiv},
  primaryclass = {hep-ph},
  slaccitation = {%%CITATION = 0807.4666;%%}
}

@ARTICLE{DelDuca:1999rs,
  author = {Del Duca, Vittorio and Dixon, Lance J. and Maltoni, Fabio},
  title = {{New color decompositions for gauge amplitudes at tree and loop level}},
  journal = {\npb{571}{2000}{51-70}},
  eprint = {hep-ph/9910563},
  url = {http://www.slac.stanford.edu/spires/find/hep/www?eprint=hep-ph/9910563},
  file = {:DelDuca1999rs.pdf:PDF}
}

@ARTICLE{DelDuca:1994ng,
  author = {Del Duca, Vittorio and Schmidt, Carl R.},
  title = {{Balitsky-Fadin-Kuraev-Lipatov approximation versus $\mathcal{O}(\alpha_s^3)$
	corrections to large-rapidity dijet production}},
  journal = {\prd{51}{1995}{2150-2158}},
  eprint = {hep-ph/9407359},
  url = {http://www.slac.stanford.edu/spires/find/hep/www?eprint=hep-ph/9407359},
  file = {:DelDuca1994ng.pdf:PDF}
}

@ARTICLE{Denner:1999gp,
  author = {Denner, Ansgar and Dittmaier, S. and Roth, M. and Wackeroth, D.},
  title = {{Predictions for all processes $e^+e^-$ $\to$ fermions + $\gamma$}},
  journal = {\npb{560}{1999}{33-65}},
  eprint = {hep-ph/9904472},
  file = {:Denner1999gp.pdf:PDF},
  archiveprefix = {arXiv},
  doi = {10.1016/S0550-3213(99)00437-X},
  slaccitation = {%%CITATION = HEP-PH/9904472;%%}
}

@ARTICLE{Denner:1992vza,
  author = {Denner, Ansgar and Eck, H. and Hahn, O. and Kublbeck, J.},
  title = {{Feynman rules for fermion number violating interactions}},
  journal = {\npb{387}{1992}{467-484}},
  url = {http://www.slac.stanford.edu/spires/find/hep/www?j=NUPHA,B387,467},
  file = {:Denner1992vza.pdf:PDF},
  doi = {10.1016/0550-3213(92)90169-C},
  slaccitation = {%%CITATION = NUPHA,B387,467;%%}
}

@ARTICLE{Deur:2008rf,
  author = {Deur, A. and Burkert, V. and Chen, J. P. and Korsch, W.},
  title = {{Determination of the effective strong coupling constant $\alpha_{s,g_1}(Q^2)$
	from CLAS spin structure function data}},
  journal = {\plb{665}{2008}{349-351}},
  eprint = {0803.4119},
  url = {http://www.slac.stanford.edu/spires/find/hep/www?eprint=arXiv:0803.4119},
  file = {:Deur2008rf.pdf:PDF},
  archiveprefix = {arXiv},
  doi = {10.1016/j.physletb.2008.06.049},
  primaryclass = {hep-ph},
  slaccitation = {%%CITATION = 0803.4119;%%}
}

@ARTICLE{Dinsdale:2007mf,
  author = {Dinsdale, Michael and Ternick, Marko and Weinzierl, Stefan},
  title = {{Parton showers from the dipole formalism}},
  journal = {\prd{76}{2007}{094003}},
  eprint = {0709.1026},
  url = {http://www.slac.stanford.edu/spires/find/hep/www?eprint=arXiv:0709.1026},
  file = {:Dinsdale2007mf.pdf:PDF},
  archiveprefix = {arXiv},
  primaryclass = {hep-ph}
}

@ARTICLE{Dinsdale:2006sq,
  author = {Dinsdale, Michael and Ternick, Marko and Weinzierl, Stefan},
  title = {{A comparison of efficient methods for the computation of Born gluon
	amplitudes}},
  journal = {\jhep{03}{2006}{056}},
  eprint = {hep-ph/0602204},
  url = {http://www.slac.stanford.edu/spires/find/hep/www?eprint=hep-ph/0602204},
  file = {:Dinsdale2006sq.pdf:PDF}
}

@ARTICLE{Dittmaier:1999mb,
  author = {Dittmaier, Stefan},
  title = {{A general approach to photon radiation off fermions}},
  journal = {\npb{565}{2000}{69-122}},
  eprint = {hep-ph/9904440},
  url = {http://www.slac.stanford.edu/spires/find/hep/www?eprint=hep-ph/9904440},
  file = {:Dittmaier1999mb.pdf:PDF},
  archiveprefix = {arXiv},
  doi = {10.1016/S0550-3213(99)00563-5},
  slaccitation = {%%CITATION = HEP-PH/9904440;%%}
}

@ARTICLE{Dittmaier:1998nn,
  author = {Dittmaier, Stefan},
  title = {{Weyl-van der Waerden formalism for helicity amplitudes of massive
	particles}},
  journal = {\prd{59}{1999}{016007}},
  eprint = {hep-ph/9805445},
  url = {http://www.slac.stanford.edu/spires/find/hep/www?eprint=hep-ph/9805445},
  file = {:Dittmaier1998nn.pdf:PDF}
}

@ARTICLE{Dittmaier:2008md,
  author = {Dittmaier, Stefan and Kabelschacht, Alois and Kasprzik, Tobias},
  title = {{Polarized QED splittings of massive fermions and dipole subtraction
	for non-collinear-safe observables}},
  journal = {\npb{800}{2008}{146-189}},
  eprint = {0802.1405},
  file = {:Dittmaier2008md.pdf:PDF},
  archiveprefix = {arXiv},
  doi = {10.1016/j.nuclphysb.2008.03.010},
  primaryclass = {hep-ph},
  slaccitation = {%%CITATION = 0802.1405;%%}
}

@ARTICLE{Dittmaier:2002ap,
  author = {Dittmaier, Stefan and Roth, Markus},
  title = {{LUSIFER: A LUcid approach to SIx FERmion production}},
  journal = {\npb{642}{2002}{307-343}},
  eprint = {hep-ph/0206070},
  file = {:Dittmaier2002ap.pdf:PDF},
  archiveprefix = {arXiv},
  doi = {10.1016/S0550-3213(02)00640-5},
  slaccitation = {%%CITATION = HEP-PH/0206070;%%}
}

@ARTICLE{Dixon:1996wi,
  author = {Dixon, Lance J.},
  title = {{Calculating scattering amplitudes efficiently}},
  eprint = {hep-ph/9601359},
  url = {http://www.slac.stanford.edu/spires/find/hep/www?eprint=hep-ph/9601359},
  file = {:Dixon1996wi.pdf:PDF}
}

@ARTICLE{Dixon:2004za,
  author = {Dixon, Lance J. and Glover, E. W. N. and Khoze, Valentin V. },
  title = {{MHV rules for Higgs plus multi-gluon amplitudes}},
  journal = {\jhep{12}{2004}{015}},
  eprint = {hep-th/0411092},
  url = {http://www.slac.stanford.edu/spires/find/hep/www?eprint=hep-th/0411092},
  file = {:Dixon2004za.pdf:PDF}
}

@ARTICLE{Djouadi:2002ze,
  author = {Djouadi, Abdelhak and Kneur, Jean-Loic and Moultaka, Gilbert},
  title = {{SuSpect: A Fortran code for the Supersymmetric and Higgs particle
	spectrum in the MSSM}},
  journal = {\cpc{176}{2007}{426-455}},
  eprint = {hep-ph/0211331},
  url = {http://www.slac.stanford.edu/spires/find/hep/www?eprint=hep-ph/0211331},
  file = {:Djouadi2002ze.pdf:PDF},
  archiveprefix = {arXiv},
  doi = {10.1016/j.cpc.2006.11.009},
  slaccitation = {%%CITATION = HEP-PH/0211331;%%}
}

@ARTICLE{Dokshitzer:1977sg,
  author = {Dokshitzer, Y. L.},
  title = {{Calculation of the structure functions for deep inelastic scattering
	and $e^+e^-$ annihilation by perturbation theory in quantum chromodynamics}},
  journal = {\jetp{46}{1977}{641-653}},
  url = {http://www.slac.stanford.edu/spires/find/hep/www?j=SPHJA,46,641}
}

@ARTICLE{Dokshitzer:1982xr,
  author = {Dokshitzer, Yuri L. and Fadin, Victor S. and Khoze, Valery A.},
  title = {{Double Logs of Perturbative QCD for Parton Jets and Soft Hadron
	Spectra}},
  journal = {\zpc{15}{1982}{325}},
  url = {http://www.slac.stanford.edu/spires/find/hep/www?j=ZEPYA,C15,325},
  file = {:Dokshitzer1982xr.pdf:PDF}
}

@BOOK{Dokshitzer:1991wu,
  title = {{Basics of perturbative QCD}},
  publisher = {Gif-sur-Yvette, France: Ed. Frontieres},
  year = {1991},
  author = {Dokshitzer, Yuri L. and Khoze, Valery A. and Mueller, Alfred H. and
	Troyan, S. I.},
  pages = {274}
}

@ARTICLE{Dokshitzer:2008ia,
  author = {Dokshitzer, Yu. L. and Marchesini, G.},
  title = {{Monte Carlo and large angle gluon radiation}},
  journal = {\jhep{03}{2009}{117}},
  eprint = {0809.1749},
  url = {http://www.slac.stanford.edu/spires/find/hep/www?eprint=arXiv:0809.1749},
  file = {:Dokshitzer2008ia.pdf:PDF},
  archiveprefix = {arXiv},
  primaryclass = {hep-ph},
  slaccitation = {%%CITATION = 0809.1749;%%}
}

@ARTICLE{Donnachie:1992ny,
  author = {A. Donnachie and P. V. Landshoff},
  title = {{Total cross sections}},
  journal = {\plb{296}{1992}{227-232}},
  eprint = {hep-ph/9209205},
  url = {http://www.slac.stanford.edu/spires/find/hep/www?eprint=hep-ph/9209205},
  file = {:Donnachie1992ny.pdf:PDF}
}

@ARTICLE{Draggiotis:2000gm,
  author = {Draggiotis, Petros D. and van Hameren, Andre and Kleiss, Ronald},
  title = {{SARGE: An algorithm for generating QCD-antennas}},
  journal = {\plb{483}{2000}{124-130}},
  eprint = {hep-ph/0004047},
  url = {http://www.slac.stanford.edu/spires/find/hep/www?eprint=hep-ph/0004047},
  file = {:Draggiotis2000gm.pdf:PDF}
}

@ARTICLE{Draggiotis:2002hm,
  author = {Draggiotis, Petros D. and Kleiss, Ronald H. P. and Papadopoulos,
	Costas G.},
  title = {{Multi-jet production in hadron collisions}},
  journal = {\epjc{24}{2002}{447-458}},
  eprint = {hep-ph/0202201},
  url = {http://www.slac.stanford.edu/spires/find/hep/www?eprint=hep-ph/0202201},
  file = {:Draggiotis2002hm.pdf:PDF}
}

@ARTICLE{Duhr:2006iq,
  author = {Duhr, Claude and H{\"o}che, Stefan and Maltoni, Fabio},
  title = {{Color-dressed recursive relations for multi-parton amplitudes}},
  journal = {\jhep{08}{2006}{062}},
  eprint = {hep-ph/0607057},
  url = {http://www.slac.stanford.edu/spires/find/hep/www?eprint=hep-ph/0607057},
  file = {:Duhr2006iq.pdf:PDF}
}

@ARTICLE{Duhr:2008wc,
  author = {Duhr, Claude and Maltoni, Fabio},
  title = {{Antenna functions from MHV rules}},
  year = {2008},
  eprint = {0808.3319},
  url = {http://www.slac.stanford.edu/spires/find/hep/www?eprint=arXiv:0808.3319},
  file = {:Duhr2008wc.3319.pdf:PDF},
  archiveprefix = {arXiv},
  primaryclass = {hep-ph}
}

@ARTICLE{Ecker:1988te,
  author = {Ecker, G. and Gasser, J. and Pich, A. and de Rafael, E.},
  title = {{The role of resonances in chiral perturbation theory}},
  journal = {\npb{321}{1989}{311}},
  url = {http://www.slac.stanford.edu/spires/find/hep/www?j=NUPHA,B321,311},
  file = {:Ecker1988te.pdf:PDF},
  doi = {10.1016/0550-3213(89)90346-5},
  slaccitation = {%%CITATION = NUPHA,B321,311;%%}
}

@BOOK{Ellis:1991qj,
  title = {{QCD and collider physics}},
  publisher = {Cambridge Monogr. Part. Phys. Nucl. Phys. Cosmol.},
  year = {1996},
  author = {R. Keith Ellis and W. James Stirling and Brian R. Webber},
  volume = {8},
  pages = {435},
  edition = {1}
}

@ARTICLE{Ellis:1985vn,
  author = {Ellis, S. D. and Kleiss, R. and Stirling, W. James},
  title = {{W's, Z's and jets}},
  journal = {\plb{154}{1985}{435}},
  url = {http://www.slac.stanford.edu/spires/find/hep/www?j=PHLTA,B154,435},
  file = {:Ellis1985vn.pdf:PDF},
  doi = {10.1016/0370-2693(85)90425-3},
  slaccitation = {%%CITATION = PHLTA,B154,435;%%}
}

@ARTICLE{Ellis:1993tq,
  author = {Ellis, Stephen D. and Soper, Davison E.},
  title = {{Successive combination jet algorithm for hadron collisions}},
  journal = {\prd{48}{1993}{3160-3166}},
  eprint = {hep-ph/9305266},
  file = {:Ellis1993tq.pdf:PDF},
  archiveprefix = {arXiv},
  doi = {10.1103/PhysRevD.48.3160},
  slaccitation = {%%CITATION = HEP-PH/9305266;%%}
}

@ARTICLE{Ermolaev:1981cm,
  author = {Ermolaev, B. I. and Fadin, Victor S.},
  title = {{Log-Log Asymptotic Form of Exclusive Cross-Sections in Quantum Chromodynamics}},
  journal = {\jetpl{33}{1981}{269-272}},
  url = {http://www.slac.stanford.edu/spires/find/hep/www?j=JTPLA,33,269},
  file = {:Ermolaev1981cm.pdf:PDF}
}

@ARTICLE{Faulkner:2006px,
  author = {Faulkner, P. J. W. and others},
  title = {{GridPP: Development of the UK computing Grid for particle physics}},
  journal = {\jphg{32}{2006}{}},
  url = {http://www.slac.stanford.edu/spires/find/hep/www?j=JPHGB,G32,N1},
  file = {:Faulkner2006px.pdf:PDF},
  collaboration = {GridPP}
}

@BOOK{Feynman:1973xc,
  title = {{Photon-hadron interactions}},
  publisher = {Reading, MA, USA: Benjamin},
  year = {1972},
  author = {Feynman, R. P.},
  pages = {282}
}

@ARTICLE{Field:2001uo,
  author = {R. D. Field},
  title = {{Charged Jet Evolution and the Underlying Event in Proton-Antiproton
	Collisions}},
  url = {http://www.phys.ufl.edu/~rfield/cdf/chgjet/chgjet_intro.html}
}

@ARTICLE{Field:2001ut,
  author = {R. D. Field},
  title = {{Jet Evolution and the ''Underlying Event'' in Run 2}},
  url = {http://www.phys.ufl.edu/~rfield/cdf/rdf_ue_run2.html}
}

@BOOK{Field:1989uq,
  title = {{Applications of perturbative QCD}},
  publisher = {Addison-Wesley},
  year = {1989},
  author = {Richard D. Field},
  pages = {366},
  address = {Redwood City, USA},
  note = {Frontiers in physics, 77}
}

@ARTICLE{Field:1982dg,
  author = {Richard D. Field and Stephen Wolfram},
  title = {{A QCD model for $e^+e^-$ annihilation}},
  journal = {\npb{213}{1983}{65}},
  url = {http://www.slac.stanford.edu/spires/find/hep/www?j=NUPHA,B213,65},
  file = {:Field1982dg.pdf:PDF}
}

@ARTICLE{deFlorian:2006ek,
  author = {de Florian, Daniel and Zurita, Jose},
  title = {{Seven parton amplitudes from recursion relations}},
  journal = {\jhep{05}{2006}{073}},
  eprint = {hep-ph/0605291},
  url = {http://www.slac.stanford.edu/spires/find/hep/www?eprint=hep-ph/0605291},
  file = {:deFlorian2006ek.pdf:PDF}
}

@ARTICLE{Foldy:1963,
  author = {L. F. Foldy and R. F. Peierls},
  title = {{Isotopic Spin of Exchanged Systems}},
  journal = {\pr{130}{1963}{1585-1589}},
  url = {http://prola.aps.org/abstract/PR/v130/i4/p1585_1},
  file = {:Foldy1963.pdf:PDF}
}

@BOOK{Forshaw:1997dc,
  title = {{Quantum chromodynamics and the pomeron}},
  publisher = {Cambridge, UK: Univ. Pr.},
  year = {1997},
  author = {James R. Forshaw and D. A. Ross},
  pages = {248},
  note = {Cambridge lecture notes in physics. 9}
}

@ARTICLE{Fox:1979ag,
  author = {Fox, Geoffrey C. and Wolfram, Stephen},
  title = {{A Model for Parton Showers in QCD}},
  journal = {\npb{168}{1980}{285}},
  file = {:Fox1979ag.pdf:PDF},
  doi = {10.1016/0550-3213(80)90111-X},
  slaccitation = {%%CITATION = NUPHA,B168,285;%%}
}

@ARTICLE{Fox:1978vu,
  author = {Fox, Geoffrey C. and Wolfram, Stephen},
  title = {{Observables for the Analysis of Event Shapes in $e^+e^-$ Annihilation
	and Other Processes}},
  journal = {\prl{41}{1978}{1581}},
  file = {:Fox1978vu.pdf:PDF},
  doi = {10.1103/PhysRevLett.41.1581},
  slaccitation = {%%CITATION = PRLTA,41,1581;%%}
}

@ARTICLE{Frampton:1987dn,
  author = {Frampton, Paul H. and Glashow, Sheldon L.},
  title = {{Chiral Color: An Alternative to the Standard Model}},
  journal = {\plb{190}{1987}{157}},
  file = {:Frampton1987dn.pdf:PDF},
  doi = {10.1016/0370-2693(87)90859-8},
  slaccitation = {%%CITATION = PHLTA,B190,157;%%}
}

@ARTICLE{Frampton:1987ut,
  author = {Frampton, Paul H. and Glashow, Sheldon L.},
  title = {{Unifiable Chiral Color With Natural GIM Mechanism}},
  journal = {\prl{58}{1987}{2168}},
  file = {:Frampton1987ut.pdf:PDF},
  doi = {10.1103/PhysRevLett.58.2168},
  slaccitation = {%%CITATION = PRLTA,58,2168;%%}
}

@ARTICLE{Frenkel:1976bj,
  author = {Frenkel, J. and Taylor, J. C.},
  title = {{Exponentiation of leading infrared divergences in massless Yang-Mills
	theories}},
  journal = {\npb{116}{1976}{185}},
  url = {http://www.slac.stanford.edu/spires/find/hep/www?j=NUPHA,B116,185},
  file = {:Frenkel1976bj.pdf:PDF}
}

@ARTICLE{Frixione:2005vw,
  author = {Frixione, Stefano and Laenen, Eric and Motylinski, Patrick and Webber,
	Bryan R.},
  title = {{Single-top production in MC@NLO}},
  journal = {\jhep{03}{2006}{092}},
  eprint = {hep-ph/0512250},
  url = {http://www.slac.stanford.edu/spires/find/hep/www?eprint=hep-ph/0512250},
  file = {:Frixione2005vw.pdf:PDF},
  archiveprefix = {arXiv},
  slaccitation = {%%CITATION = HEP-PH/0512250;%%}
}

@ARTICLE{Frixione:2008yi,
  author = {Frixione, Stefano and Laenen, Eric and Motylinski, Patrick and Webber,
	Bryan R. and White, Chris D.},
  title = {{Single-top hadroproduction in association with a W boson}},
  journal = {\jhep{07}{2008}{029}},
  eprint = {0805.3067},
  file = {:Frixione2008yi.pdf:PDF},
  archiveprefix = {arXiv},
  doi = {10.1088/1126-6708/2008/07/029},
  primaryclass = {hep-ph},
  slaccitation = {%%CITATION = 0805.3067;%%}
}

@ARTICLE{Frixione:2007vw,
  author = {Frixione, Stefano and Nason, Paolo and Oleari, Carlo},
  title = {{Matching NLO QCD computations with parton shower simulations: the
	POWHEG method}},
  journal = {\jhep{11}{2007}{070}},
  eprint = {0709.2092},
  url = {http://www.slac.stanford.edu/spires/find/hep/www?eprint=arXiv:0709.2092},
  file = {:Frixione2007vw.pdf:PDF},
  archiveprefix = {arXiv},
  primaryclass = {hep-ph}
}

@ARTICLE{Frixione:2007nu,
  author = {Frixione, Stefano and Nason, Paolo and Ridolfi, Giovanni},
  title = {{The POWHEG-hvq manual version 1.0}},
  year = {2007},
  eprint = {0707.3081},
  url = {http://www.slac.stanford.edu/spires/find/hep/www?eprint=arXiv:0707.3081},
  file = {:Frixione2007nu.pdf:PDF},
  archiveprefix = {arXiv},
  primaryclass = {hep-ph},
  slaccitation = {%%CITATION = 0707.3081;%%}
}

@ARTICLE{Frixione:2003ei,
  author = {Frixione, S. and Nason, P. and Webber, B. R.},
  title = {{Matching NLO QCD and parton showers in heavy flavour production}},
  journal = {\jhep{08}{2003}{007}},
  eprint = {hep-ph/0305252},
  url = {http://www.slac.stanford.edu/spires/find/hep/www?eprint=hep-ph/0305252},
  file = {:Frixione2003ei.pdf:PDF}
}

@ARTICLE{Frixione:2006gn,
  author = {Frixione, Stafano and Webber, Bryan R.},
  title = {{The MC@NLO 3.3 Event Generator}},
  year = {2006},
  eprint = {hep-ph/0612272},
  url = {http://www.slac.stanford.edu/spires/find/hep/www?eprint=hep-ph/0612272},
  file = {:Frixione2006gn.pdf:PDF}
}

@ARTICLE{Frixione:2002ik,
  author = {Frixione, Stefano and Webber, Bryan R.},
  title = {{Matching NLO QCD computations and parton shower simulations}},
  journal = {\jhep{06}{2002}{029}},
  eprint = {hep-ph/0204244},
  url = {http://www.slac.stanford.edu/spires/find/hep/www?eprint=hep-ph/0204244},
  file = {:Frixione2002ik.pdf:PDF}
}

@ARTICLE{Gangemi:1999gt,
  author = {Gangemi, F. and Montagna, G. and Moretti, M. and Nicrosini, O. and
	Piccinini, F.},
  title = {{Electroweak physics in six-fermion final states at future $e^+ e^-$
	colliders}},
  year = {1999},
  eprint = {hep-ph/0001065},
  url = {http://www.slac.stanford.edu/spires/find/hep/www?eprint=hep-ph/0001065},
  file = {:Gangemi1999gt.pdf:PDF},
  slaccitation = {%%CITATION = HEP-PH/0001065;%%}
}

@ARTICLE{Gasser:1984gg,
  author = {Gasser, J. and Leutwyler, H.},
  title = {{Chiral perturbation theory: Expansions in the mass of the strange
	quark}},
  journal = {\npb{250}{1985}{465}},
  url = {http://www.slac.stanford.edu/spires/find/hep/www?j=NUPHA,B250,465},
  file = {:Gasser1984gg.pdf:PDF},
  doi = {10.1016/0550-3213(85)90492-4},
  slaccitation = {%%CITATION = NUPHA,B250,465;%%}
}

@ARTICLE{Gasser:1983yg,
  author = {Gasser, J. and Leutwyler, H.},
  title = {{Chiral Perturbation Theory to One Loop}},
  journal = {\ap{158}{1984}{142}},
  url = {http://www.slac.stanford.edu/spires/find/hep/www?j=APNYA,158,142},
  file = {:Gasser1983yg.pdf:PDF},
  doi = {10.1016/0003-4916(84)90242-2},
  slaccitation = {%%CITATION = APNYA,158,142;%%}
}

@ARTICLE{GehrmannDeRidder:2005cm,
  author = {Gehrmann-De Ridder, A. and Gehrmann, T. and Glover, E. W. Nigel},
  title = {{Antenna subtraction at NNLO}},
  journal = {\jhep{09}{2005}{056}},
  eprint = {hep-ph/0505111},
  url = {http://www.slac.stanford.edu/spires/find/hep/www?eprint=hep-ph/0505111},
  file = {:GehrmannDeRidder2005cm.pdf:PDF}
}

@ARTICLE{GellMann:1960np,
  author = {Gell-Mann, Murray and Levy, M},
  title = {{The Axial Vector Current in Beta Decay}},
  journal = {\nc{16}{1960}{705}},
  url = {http://www.slac.stanford.edu/spires/find/hep/www?j=NUCIA,16,705},
  file = {:GellMann1960np.pdf:PDF},
  slaccitation = {%%CITATION = NUCIA,16,705;%%}
}

@ARTICLE{Gianotti:2002xx,
  author = {Gianotti, F. and others},
  title = {{Physics potential and experimental challenges of the LHC luminosity
	upgrade}},
  journal = {\epjc{39}{2005}{293-333}},
  eprint = {hep-ph/0204087},
  url = {http://www.slac.stanford.edu/spires/find/hep/www?eprint=hep-ph/0204087},
  file = {:Gianotti2002xx.pdf:PDF}
}

@ARTICLE{Giele:2007di,
  author = {Giele, Walter T. and Kosower, David A. and Skands, Peter Z.},
  title = {{A Simple shower and matching algorithm}},
  journal = {\prd{78}{2008}{014026}},
  eprint = {0707.3652},
  file = {:Giele2007di.pdf:PDF},
  archiveprefix = {arXiv},
  doi = {10.1103/PhysRevD.78.014026},
  primaryclass = {hep-ph},
  slaccitation = {%%CITATION = 0707.3652;%%}
}

@ARTICLE{Giele:2008ve,
  author = {Giele, Walter T. and Kunszt, Zoltan and Melnikov, Kirill},
  title = {{Full one-loop amplitudes from tree amplitudes}},
  journal = {\jhep{04}{2008}{049}},
  eprint = {0801.2237},
  url = {http://www.slac.stanford.edu/spires/find/hep/www?eprint=arXiv:0801.2237},
  file = {:Giele2008ve.pdf:PDF},
  archiveprefix = {arXiv},
  primaryclass = {hep-ph}
}

@ARTICLE{Gieseke:2004tc,
  author = {Gieseke, Stefan},
  title = {{Uncertainties of Sudakov form factors}},
  journal = {\jhep{01}{2005}{058}},
  eprint = {hep-ph/0412342},
  url = {http://www.slac.stanford.edu/spires/find/hep/www?eprint=hep-ph/0412342},
  file = {:Gieseke2004tc.pdf:PDF},
  archiveprefix = {arXiv},
  slaccitation = {%%CITATION = HEP-PH/0412342;%%}
}

@ARTICLE{Giudice:1998ck,
  author = {Giudice, Gian F. and Rattazzi, Riccardo and Wells, James D. },
  title = {{Quantum gravity and extra dimensions at high-energy colliders}},
  journal = {\npb{544}{1999}{3-38}},
  eprint = {hep-ph/9811291},
  file = {:Giudice1998ck.pdf:PDF},
  archiveprefix = {arXiv},
  doi = {10.1016/S0550-3213(99)00044-9},
  slaccitation = {%%CITATION = HEP-PH/9811291;%%}
}

@ARTICLE{Gleisberg:2008fv,
  author = {Gleisberg, Tanju and H{\"o}che, Stefan},
  title = {{Comix, a new matrix element generator}},
  journal = {\jhep{12}{2008}{039}},
  eprint = {0808.3674},
  url = {http://www.slac.stanford.edu/spires/find/hep/www?rawcmd=f+eprint+0808.3674},
  file = {:Gleisberg2008fv.pdf:PDF},
  archiveprefix = {arXiv},
  doi = {10.1088/1126-6708/2008/12/039},
  primaryclass = {hep-ph},
  slaccitation = {%%CITATION = 0808.3674;%%}
}

@ARTICLE{Gleisberg:2008ft,
  author = {Gleisberg, Tanju and H{\"o}che, Stefan and Krauss, Frank and Matyskiewicz,Rados{\l}aw},
  title = {{How to calculate colourful cross sections efficiently}},
  year = {2008},
  eprint = {0808.3672},
  url = {http://www.slac.stanford.edu/spires/find/hep/www?rawcmd=f+eprint+0808.3672},
  file = {:Gleisberg2008ft.pdf:PDF},
  archiveprefix = {arXiv},
  primaryclass = {hep-ph}
}

@ARTICLE{Gleisberg:2008ta,
  author = {Gleisberg, T. and H{\"o}che, S. and Krauss, F. and Sch\"{o}nherr,
	M. and Schumann, S. and Siegert, F and Winter, J.},
  title = {{Event generation with \Sherpa 1.1}},
  journal = {\jhep{02}{2009}{007}},
  eprint = {0811.4622},
  file = {:Gleisberg2008ta.pdf:PDF},
  archiveprefix = {arXiv},
  doi = {10.1088/1126-6708/2009/02/007},
  primaryclass = {hep-ph},
  slaccitation = {%%CITATION = 0811.4622;%%}
}

@ARTICLE{Gleisberg:2003xi,
  author = {Tanju Gleisberg and Stefan H{\"o}che and Frank Krauss and Andreas
	Sch{\"a}licke and Steffen Schumann and Jan Winter},
  title = {{\Sherpa 1.$\alpha$, a proof-of-concept version}},
  journal = {\jhep{02}{2004}{056}},
  eprint = {hep-ph/0311263},
  url = {http://www.slac.stanford.edu/spires/find/hep/www?irn=5730570},
  file = {:Gleisberg2003xi.pdf:PDF}
}

@ARTICLE{Gleisberg:2007md,
  author = {Gleisberg, Tanju and Krauss, Frank},
  title = {{Automating dipole subtraction for QCD NLO calculations}},
  journal = {\epjc{53}{2008}{501-523}},
  eprint = {0709.2881},
  url = {http://www.slac.stanford.edu/spires/find/hep/www?eprint=arXiv:0709.2881},
  file = {:Gleisberg2007md.pdf:PDF},
  archiveprefix = {arXiv},
  primaryclass = {hep-ph}
}

@ARTICLE{Gleisberg:2003ue,
  author = {T. Gleisberg and F. Krauss and K. T. Matchev and A. Sch{\"a}licke
	and S. Schumann and G. Soff},
  title = {{Helicity formalism for spin-2 particles}},
  journal = {\jhep{09}{2003}{001}},
  eprint = {hep-ph/0306182},
  url = {http://www.slac.stanford.edu/spires/find/hep/www?eprint=hep-ph/0306182},
  file = {:Gleisberg2003ue.pdf:PDF}
}

@ARTICLE{Gleisberg:2003bi,
  author = {Gleisberg, T. and Krauss, F. and Papadopoulos, C. G. and Sch{\"a}licke,
	A. and Schumann, S.},
  title = {{Cross sections for multi-particle final states at a linear collider}},
  journal = {\epjc{34}{2004}{173-180}},
  eprint = {hep-ph/0311273},
  url = {http://www.slac.stanford.edu/spires/find/hep/www?eprint=hep-ph/0311273},
  file = {:Gleisberg2003bi.pdf:PDF}
}

@ARTICLE{Gleisberg:2005qq,
  author = {Gleisberg, Tanju and Krauss, Frank and Sch{\"a}licke, Andreas and
	Schumann, Steffen and Winter, Jan-Christopher},
  title = {{Studying $W^+ W^-$ production at the Fermilab Tevatron with \Sherpa}},
  journal = {\prd{72}{2005}{034028}},
  eprint = {hep-ph/0504032},
  url = {http://www.slac.stanford.edu/spires/find/hep/www?eprint=hep-ph/0504032},
  file = {:Gleisberg2005qq.pdf:PDF}
}

@ARTICLE{Gluck:1991ee,
  author = {Gl{\"u}ck, M. and Reya, E. and Vogt, A.},
  title = {{Parton structure of the photon beyond the leading order}},
  journal = {\prd{45}{1992}{3986-3994}},
  url = {http://www.slac.stanford.edu/spires/find/hep/www?j=PHRVA,D45,3986},
  file = {:Gluck1991ee.pdf:PDF}
}

@ARTICLE{Gluck:1991jc,
  author = {Gl{\"u}ck, M. and Reya, E. and Vogt, A.},
  title = {{Photonic parton distributions}},
  journal = {\prd{46}{1992}{1973-1979}},
  url = {http://www.slac.stanford.edu/spires/find/hep/www?j=PHRVA,D46,1973},
  file = {:Gluck1991jc.pdf:PDF}
}

@ARTICLE{Goity:1994xn,
  author = {Goity, J. L. and Roberts, W.},
  title = {{Soft pion emission in semileptonic $B$-meson decays}},
  journal = {\prd{51}{1995}{3459-3477}},
  eprint = {hep-ph/9406236},
  url = {http://www.slac.stanford.edu/spires/find/hep/www?eprint=hep-ph/9406236},
  file = {:Goity1994xn.pdf:PDF},
  archiveprefix = {arXiv},
  doi = {10.1103/PhysRevD.51.3459},
  slaccitation = {%%CITATION = HEP-PH/9406236;%%}
}

@ARTICLE{Golec-Biernat:2007pu,
  author = {Golec-Biernat, K. and Jadach, S. and P{\l}aczek, W. and Stephens,
	P. and Skrzypek, M.},
  title = {{Markovian Monte Carlo solutions of the one-loop CCFM equations}},
  journal = {\appolb{38}{2007}{3149-3168}},
  eprint = {hep-ph/0703317},
  url = {http://www.slac.stanford.edu/spires/find/hep/www?eprint=hep-ph/0703317},
  file = {:Golec-Biernat2007pu.pdf:PDF},
  slaccitation = {%%CITATION = HEP-PH/0703317;%%}
}

@ARTICLE{Golfand:1971iw,
  author = {Golfand, Yu. A. and Likhtman, E. P.},
  title = {{Extension of the Algebra of Poincare Group Generators and Violation
	of p Invariance}},
  journal = {\jetpl{13}{1971}{323-326}},
  url = {http://www.slac.stanford.edu/spires/find/hep/www?j=JTPLA,13,323},
  slaccitation = {%%CITATION = JTPLA,13,323;%%}
}

@ARTICLE{Gottschalk:1983fm,
  author = {Gottschalk, Thomas D.},
  title = {{An improved description of hadronization in the QCD cluster model
	for $e^+e^-$ annihilation}},
  journal = {\npb{239}{1984}{349}},
  url = {http://www.slac.stanford.edu/spires/find/hep/www?j=NUPHA,B239,349},
  file = {:Gottschalk1983fm.pdf:PDF},
  doi = {10.1016/0550-3213(84)90253-0},
  slaccitation = {%%CITATION = NUPHA,B239,349;%%}
}

@ARTICLE{Gottschalk:1982yt,
  author = {Gottschalk, Thomas D.},
  title = {{A realistic model for $e^+e^-$ annihilation including parton bremsstrahlung
	effects}},
  journal = {\npb{214}{1983}{201}},
  url = {http://www.slac.stanford.edu/spires/find/hep/www?j=NUPHA,B214,201},
  file = {:Gottschalk1982yt.pdf:PDF}
}

@ARTICLE{Gottschalk:1986bv,
  author = {Gottschalk, Thomas D. and Morris, Duncan A.},
  title = {{A new model for hadronization and $e^+e^-$ annihilation}},
  journal = {\npb{288}{1987}{729}},
  url = {http://www.slac.stanford.edu/spires/find/hep/www?j=NUPHA,B288,729},
  file = {:Gottschalk1986bv.pdf:PDF},
  doi = {10.1016/0550-3213(87)90236-7},
  slaccitation = {%%CITATION = NUPHA,B288,729;%%}
}

@ARTICLE{Gounaris:2000dn,
  author = {Gounaris, G. J. and Layssac, J. and Renard, F. M.},
  title = {{Off-shell structure of the anomalous Z and $\gamma$ self- couplings}},
  journal = {\prd{62}{2000}{073012}},
  eprint = {hep-ph/0005269},
  url = {http://www.slac.stanford.edu/spires/find/hep/www?eprint=hep-ph/0005296},
  file = {:Gounaris2000dn.pdf:PDF},
  archiveprefix = {arXiv},
  doi = {10.1103/PhysRevD.62.073012},
  slaccitation = {%%CITATION = HEP-PH/0005269;%%}
}

@ARTICLE{Gribov:1984tu,
  author = {Gribov, L. V. and Levin, E. M. and Ryskin, M. G.},
  title = {{Semihard processes in QCD}},
  journal = {\prep{100}{1983}{1-150}},
  url = {http://www.slac.stanford.edu/spires/find/hep/www?j=PRPLC,100,1},
  file = {:Gribov1984tu.pdf:PDF}
}

@ARTICLE{Gribov:1972ri,
  author = {Gribov, V. N. and Lipatov, L. N.},
  title = {{Deep inelastic $e$-$p$ scattering in perturbation theory}},
  journal = {Sov. J. \np{15}{1972}{438-450}},
  url = {http://www.slac.stanford.edu/spires/find/hep/www?j=SJNCA,15,438}
}

@ARTICLE{Gribov:1965hg,
  author = {V. N. Gribov and I. Ya. Pomeranchuk and K. A. Ter-Martirosian},
  title = {{Moving Branch Points in j Plane and Regge-Pole Unitarity Conditions}},
  journal = {\pr{139}{1965}{B184-B202}},
  url = {http://www.slac.stanford.edu/spires/find/hep/www?j=PHRVA,139,B184},
  file = {:Gribov1965hg.pdf:PDF}
}

@ARTICLE{Gustafson:1986db,
  author = {Gustafson, G.},
  title = {{Dual description of a confined colour field}},
  journal = {\plb{175}{1986}{453}},
  url = {http://www.slac.stanford.edu/spires/find/hep/www?j=PHLTA,B175,453},
  file = {:Gustafson1986db.pdf:PDF}
}

@ARTICLE{Gustafson:1987rq,
  author = {Gustafson, Gosta and Pettersson, Ulf},
  title = {{Dipole formulation of QCD cascades}},
  journal = {\npb{306}{1988}{746}},
  url = {http://www.slac.stanford.edu/spires/find/hep/www?j=NUPHA,B306,746},
  file = {:Gustafson1987rq.pdf:PDF}
}

@ARTICLE{Haag:1974qh,
  author = {Haag, Rudolf and {\L}opusza{\'n}ski, Jan T. and Sohnius, Martin},
  title = {{All possible generators of supersymmetries of the S-matrix}},
  journal = {\npb{88}{1975}{257}},
  url = {http://www.slac.stanford.edu/spires/find/hep/www?j=NUPHA,B88,257},
  file = {:Haag1974qh.pdf:PDF},
  doi = {10.1016/0550-3213(75)90279-5},
  slaccitation = {%%CITATION = NUPHA,B88,257;%%}
}

@ARTICLE{Hagiwara:2005wg,
  author = {Hagiwara, K. and others},
  title = {{Supersymmetry simulations with off-shell effects for the CERN LHC
	and an ILC}},
  journal = {\prd{73}{2006}{055005}},
  eprint = {hep-ph/0512260},
  url = {http://www.slac.stanford.edu/spires/find/hep/www?eprint=hep-ph/0512260},
  file = {:Hagiwara2005wg.pdf:PDF}
}

@ARTICLE{Hagiwara:2008iv,
  author = {Hagiwara, Kaoru and Konar, Partha and Li, Qiang and Mawatari, Kentarou
	and Zeppenfeld, Dieter},
  title = {{Graviton production with 2 jets at the LHC in large extra dimensions}},
  journal = {\jhep{04}{2008}{019}},
  eprint = {0801.1794},
  url = {http://www.slac.stanford.edu/spires/find/hep/www?eprint=arXiv:0801.1794},
  file = {:Hagiwara2008iv.pdf:PDF},
  archiveprefix = {arXiv},
  doi = {10.1088/1126-6708/2008/04/019},
  primaryclass = {hep-ph},
  slaccitation = {%%CITATION = 0801.1794;%%}
}

@ARTICLE{Hagiwara:1986vm,
  author = {Hagiwara, K. and Peccei, R. D. and Zeppenfeld, D. and Hikasa, K.},
  title = {{Probing the weak boson sector in $e^+e^-\to W^+W^-$}},
  journal = {\npb{282}{1987}{253}},
  url = {http://www.slac.stanford.edu/spires/find/hep/www?j=NUPHA,B282,253},
  file = {:Hagiwara1986vm.pdf:PDF},
  slaccitation = {%%CITATION = NUPHA,B282,253;%%}
}

@ARTICLE{Hagiwara:1985yu,
  author = {Hagiwara, K. and Zeppenfeld, D.},
  title = {{Helicity amplitudes for heavy lepton production in $e^+e^-$ annihilation}},
  journal = {\npb{274}{1986}{1}},
  url = {http://www.slac.stanford.edu/spires/find/hep/www?j=NUPHA,B274,1},
  file = {:Hagiwara1985yu.pdf:PDF}
}

@ARTICLE{Hall:1985wz,
  author = {Hall, Lawrence J. and Nelson, Ann E.},
  title = {{Heavy Gluons and Monojets}},
  journal = {\plb{153}{1985}{430}},
  file = {:Hall1985wz.pdf:PDF},
  doi = {10.1016/0370-2693(85)90487-3},
  slaccitation = {%%CITATION = PHLTA,B153,430;%%}
}

@BOOK{Halzen:1984mc,
  title = {{Quarks and leptons: An introductory course in modern particle physics}},
  publisher = {John Wiley \& Sons},
  year = {1984},
  author = {Francis Halzen and Alan D. Martin},
  pages = {396},
  address = {New York, USA}
}

@ARTICLE{Hamacher:1995df,
  author = {Hamacher, Klaus and Weierstall, Michael},
  title = {{The Next Round of Hadronic Generator Tuning Heavily Based on Identified
	Particle Data}},
  year = {1995},
  eprint = {hep-ex/9511011},
  url = {http://www.slac.stanford.edu/spires/find/hep/www?eprint=hep-ex/9511011},
  file = {:Hamacher1995df.pdf:PDF},
  archiveprefix = {arXiv},
  slaccitation = {%%CITATION = HEP-EX/9511011;%%}
}

@ARTICLE{vanHameren:2002tc,
  author = {van Hameren, Andre and Papadopoulos, Costas G.},
  title = {{A hierarchical phase space generator for QCD antenna structures}},
  journal = {\epjc{25}{2002}{563-574}},
  eprint = {hep-ph/0204055},
  url = {http://www.slac.stanford.edu/spires/find/hep/www?eprint=hep-ph/0204055},
  file = {:vanHameren2002tc.pdf:PDF}
}

@ARTICLE{Hamilton:2006ms,
  author = {Hamilton, Keith and Richardson, Peter},
  title = {{A simulation of QCD radiation in top quark decays}},
  journal = {\jhep{02}{2007}{069}},
  eprint = {hep-ph/0612236},
  url = {http://www.slac.stanford.edu/spires/find/hep/www?eprint=hep-ph/0612236},
  file = {:Hamilton2006ms.pdf:PDF}
}

@ARTICLE{Hamilton:2006xz,
  author = {Hamilton, Keith and Richardson, Peter},
  title = {{Simulation of QED radiation in particle decays using the YFS formalism}},
  journal = {\jhep{07}{2006}{010}},
  eprint = {hep-ph/0603034},
  url = {http://www.slac.stanford.edu/spires/find/hep/www?eprint=hep-ph/0603034},
  file = {:Hamilton2006xz.pdf:PDF},
  archiveprefix = {arXiv},
  slaccitation = {%%CITATION = HEP-PH/0603034;%%}
}

@ARTICLE{Hamilton:2008pd,
  author = {Hamilton, Keith and Richardson, Peter and Tully, Jon},
  title = {{A Positive-Weight Next-to-Leading Order Monte Carlo Simulation of
	Drell-Yan Vector Boson Production}},
  year = {2008},
  eprint = {0806.0290},
  url = {http://www.slac.stanford.edu/spires/find/hep/www?eprint=arXiv:0806.0290},
  file = {:Hamilton2008pd.pdf:PDF},
  archiveprefix = {arXiv},
  primaryclass = {hep-ph}
}

@ARTICLE{Han:1998sg,
  author = {Han, Tao and Lykken, Joseph D. and Zhang, Ren-Jie},
  title = {{On Kaluza-Klein states from large extra dimensions}},
  journal = {\prd{59}{1999}{105006}},
  eprint = {hep-ph/9811350},
  file = {:Han1998sg.pdf:PDF},
  archiveprefix = {arXiv},
  doi = {10.1103/PhysRevD.59.105006},
  slaccitation = {%%CITATION = HEP-PH/9811350;%%}
}

@ARTICLE{Harel:2008px,
  author = {Harel, Amnon},
  title = {{Monte Carlo for top background at the Tevatron}},
  year = {2008},
  eprint = {0807.4127},
  url = {http://www.slac.stanford.edu/spires/find/hep/www?eprint=arXiv:0807.4127},
  archiveprefix = {arXiv},
  collaboration = {CDF},
  primaryclass = {hep-ex},
  slaccitation = {%%CITATION = 0807.4127;%%}
}

@ARTICLE{Hegeman:2007zz,
  author = {Hegeman, Jeroen},
  title = {{Jet production in the D0 experiment: Measurements and data-to-Monte
	Carlo comparisons}},
  journal = {\npps{174}{2007}{7-10}},
  file = {:Hegeman2007zz.pdf:PDF},
  collaboration = {{\DO}},
  doi = {10.1016/j.nuclphysbps.2007.08.074},
  slaccitation = {%%CITATION = NUPHZ,174,7;%%}
}

@ARTICLE{Hesketh:2006qu,
  author = {Hesketh, Gavin},
  title = {{$W$ and $Z$ (plus jets) production and asymmetries at 1.96-TeV}},
  year = {2006},
  eprint = {hep-ex/0605073},
  url = {http://www.slac.stanford.edu/spires/find/hep/www?eprint=hep-ex/0605073},
  file = {:Hesketh2006qu.pdf:PDF},
  archiveprefix = {arXiv},
  collaboration = {CDF and {\DO}},
  slaccitation = {%%CITATION = HEP-EX/0605073;%%}
}

@ARTICLE{Hewett:1998sn,
  author = {Hewett, JoAnne L.},
  title = {{Indirect collider signals for extra dimensions}},
  journal = {\prl{82}{1999}{4765-4768}},
  eprint = {hep-ph/9811356},
  file = {:Hewett1998sn.pdf:PDF},
  archiveprefix = {arXiv},
  doi = {10.1103/PhysRevLett.82.4765},
  slaccitation = {%%CITATION = HEP-PH/9811356;%%}
}

@ARTICLE{HendrikDipl,
  author = {Hoeth, Hendrik},
  title = {{Messung der Vierjet--Winkelverteilungen und Bestimmung der QCD--Farbfaktoren
	mit Hilfe des Apacic++--Generators}},
  year = {2003},
  note = {{Diploma Thesis, Fachbereich Physik, Bergische Universit\"at Wuppertal
	[WUD 03-11], in German}},
  url = {http://www.d0.uni-wuppertal.de/diplom/d_h_hoe_wud0311.ps.gz},
  file = {:HendrikDipl.pdf:PDF}
}

@ARTICLE{Hou:1987ya,
  author = {Hou, George Wei-Shu},
  title = {{Charmless Rare B Decays, Heavy Quarks and a Fourth Generation}},
  note = {Invited talk given at '87 DPF Meeting of the APS, Salt Lake City,
	Utah, Jan 14-17, 1987}
}

@ARTICLE{Hou:1987vd,
  author = {Hou, Wei-Shu and Soni, A. and Steger, Herbert},
  title = {{Charmless Decays of Bottom Mesons and a Fourth Generation}},
  journal = {\prl{59}{1987}{1521}},
  file = {:Hou1987vd.pdf:PDF},
  doi = {10.1103/PhysRevLett.59.1521},
  slaccitation = {%%CITATION = PRLTA,59,1521;%%}
}

@ARTICLE{Hagler:2000eu,
  author = {H{\"a}gler, Ph. and Kirschner, R. and Sch{\"a}fer, A. and Szymanowski,
	L. and Teryaev, O. V.},
  title = {{Direct J/$\psi$ hadroproduction in $k_T$-factorization and the color
	octet mechanism}},
  journal = {\prd{63}{2001}{077501}},
  eprint = {hep-ph/0008316},
  url = {http://www.slac.stanford.edu/spires/find/hep/www?eprint=hep-ph/0008316},
  file = {:Hagler2000eu.pdf:PDF}
}

@ARTICLE{Hoche:2006ph,
  author = {H{\"o}che, Stefan and others},
  title = {{Matching Parton Showers and Matrix Elements}},
  year = {2006},
  eprint = {hep-ph/0602031},
  url = {http://www.slac.stanford.edu/spires/find/hep/www?eprint=hep-ph/0602031},
  file = {:Hoche2006ph.pdf:PDF}
}

@ARTICLE{Hoeche:2009rj,
  author = {H{\"o}che, Stefan and Krauss, Frank and Schumann, Steffen and Siegert,
	Frank},
  title = {{QCD matrix elements and truncated showers}},
  journal = {\jhep{05}{2009}{053}},
  eprint = {0903.1219},
  url = {http://www.slac.stanford.edu/spires/find/hep/www?eprint=arXiv:0903.1219},
  file = {:Hoeche2009rj.pdf:PDF},
  archiveprefix = {arXiv},
  primaryclass = {hep-ph},
  slaccitation = {%%CITATION = 0903.1219;%%}
}

@ARTICLE{Hoche:2007hg,
  author = {H{\"o}che, Stefan and Krauss, Frank and Teubner, Thomas},
  title = {{Multijet events in the $k_T$-factorisation scheme}},
  year = {2007},
  eprint = {0705.4577},
  url = {http://www.slac.stanford.edu/spires/find/hep/www?eprint=arXiv:0705.4577},
  file = {:Hoche2007hg.pdf:PDF},
  archiveprefix = {arXiv},
  primaryclass = {hep-ph}
}

@ARTICLE{Isgur:1988gb,
  author = {Isgur, Nathan and Scora, Daryl and Grinstein, Benjamin and Wise,
	Mark B.},
  title = {{Semileptonic B and D decays in the quark model}},
  journal = {\prd{39}{1989}{799}},
  url = {http://www.slac.stanford.edu/spires/find/hep/www?j=PHRVA,D39,799},
  file = {:Isgur1988gb.pdf:PDF},
  doi = {10.1103/PhysRevD.39.799},
  slaccitation = {%%CITATION = PHRVA,D39,799;%%}
}

@ARTICLE{Jadach:1999sf,
  author = {Jadach, S.},
  title = {{Foam: Multi-dimensional general purpose Monte Carlo generator with
	self-adapting simplical grid}},
  journal = {\cpc{130}{2000}{244-259}},
  eprint = {physics/9910004},
  url = {http://www.slac.stanford.edu/spires/find/hep/www?eprint=physics/9910004},
  file = {:Jadach1999sf.pdf:PDF}
}

@ARTICLE{Jadach:2000kw,
  author = {Jadach, S. and P{\l}aczek, W. and Skrzypek, M. and Ward, B. F. L.
	and W{\c a}s, Z.},
  title = {{Precision predictions for (un)stable $W^+ W^-$ pair production at
	and beyond LEP2 energies}},
  journal = {\prd{65}{2002}{093010}},
  eprint = {hep-ph/0007012},
  url = {http://www.slac.stanford.edu/spires/find/hep/www?eprint=hep-ph/0007012},
  file = {:Jadach2000kw.pdf:PDF},
  archiveprefix = {arXiv},
  doi = {10.1103/PhysRevD.65.093010},
  slaccitation = {%%CITATION = HEP-PH/0007012;%%}
}

@ARTICLE{Jadach:2001mp,
  author = {Jadach, S. and P{\l}aczek, W. and Skrzypek, M. and Ward, B. F. L.
	and W{\c a}s, Z.},
  title = {{The Monte Carlo program KoralW version 1.51 and the concurrent Monte
	Carlo KoralW\&YFSWW3 with all background graphs and first order corrections
	to W pair production}},
  journal = {\cpc{140}{2001}{475-512}},
  eprint = {hep-ph/0104049},
  url = {http://www.slac.stanford.edu/spires/find/hep/www?eprint=hep-ph/0104049},
  file = {:Jadach2001mp.pdf:PDF},
  archiveprefix = {arXiv},
  doi = {10.1016/S0010-4655(01)00296-X},
  slaccitation = {%%CITATION = HEP-PH/0104049;%%}
}

@ARTICLE{Jadach:2000ir,
  author = {Jadach, S. and Ward, B. F. L. and W{\c a}s, Z.},
  title = {{Coherent exclusive exponentiation for precision Monte Carlo calculations}},
  journal = {\prd{63}{2001}{113009}},
  eprint = {hep-ph/0006359},
  url = {http://www.slac.stanford.edu/spires/find/hep/www?eprint=hep-ph/0006359},
  file = {:Jadach2000ir.pdf:PDF},
  archiveprefix = {arXiv},
  doi = {10.1103/PhysRevD.63.113009},
  slaccitation = {%%CITATION = HEP-PH/0006359;%%}
}

@ARTICLE{Jadach:1999vf,
  author = {Jadach, S. and Ward, B. F. L. and W{\c a}s, Z.},
  title = {{The precision Monte Carlo event generator $\mathcal{KK}$ for two-
	fermion final states in $e^+ e^-$ collisions}},
  journal = {\cpc{130}{2000}{260-325}},
  eprint = {hep-ph/9912214},
  url = {http://www.slac.stanford.edu/spires/find/hep/www?eprint=hep-ph/9912214},
  file = {:Jadach1999vf.pdf:PDF},
  archiveprefix = {arXiv},
  doi = {10.1016/S0010-4655(00)00048-5},
  slaccitation = {%%CITATION = HEP-PH/9912214;%%}
}

@ARTICLE{James:1968gu,
  author = {James, F.},
  title = {{Monte-Carlo phase space}},
  note = {CERN-68-15},
  url = {http://www.slac.stanford.edu/spires/find/hep/www?r=CERN-68-15},
  file = {:James1968gu.pdf:PDF}
}

@ARTICLE{Jung:2001hx,
  author = {Hannes Jung},
  title = {{The CCFM Monte Carlo generator CASCADE}},
  journal = {\cpc{143}{2002}{100-111}},
  eprint = {hep-ph/0109102},
  url = {http://www.slac.stanford.edu/spires/find/hep/www?eprint=hep-ph/0109102},
  file = {:Jung2001hx.pdf:PDF}
}

@ARTICLE{Jung:2000hk,
  author = {Hannes Jung and Gavin P. Salam},
  title = {{Hadronic final state predictions from CCFM: the hadron-level Monte
	Carlo generator CASCADE}},
  journal = {\epjc{19}{2001}{351-360}},
  eprint = {hep-ph/0012143},
  url = {http://www.slac.stanford.edu/spires/find/hep/www?eprint=hep-ph/0012143},
  file = {:Jung2000hk.pdf:PDF}
}

@ARTICLE{Kuhn:1990ad,
  author = {{K\"uhn, Johann H. and Santamar\'ia, A.}},
  title = {{$\tau$ Decays to pions}},
  journal = {\zpc{48}{1990}{445-452}},
  url = {http://www.slac.stanford.edu/spires/find/hep/www?j=ZEPYA,C48,445},
  file = {:Kuhn1990ad.pdf:PDF},
  doi = {10.1007/BF01572024},
  slaccitation = {%%CITATION = ZEPYA,C48,445;%%}
}

@ARTICLE{Kalinowski:1980ju,
  author = {Kalinowski, J. and Konishi, K. and Taylor, T. R.},
  title = {{Jet calculus beyond leading logarithms}},
  journal = {\npb{181}{1981}{221}},
  url = {http://www.slac.stanford.edu/spires/find/hep/www?j=NUPHA,B181,221},
  file = {:Kalinowski1980ju.pdf:PDF}
}

@ARTICLE{Kanaki:2000ey,
  author = {Kanaki, Aggeliki and Papadopoulos, Costas G.},
  title = {{HELAC: A package to compute electroweak helicity amplitudes}},
  journal = {\cpc{132}{2000}{306-315}},
  eprint = {hep-ph/0002082},
  url = {http://www.slac.stanford.edu/spires/find/hep/www?eprint=hep-ph/0002082},
  file = {:Kanaki2000ey.pdf:PDF}
}

@ARTICLE{Karplus:1950zza,
  author = {Karplus, Robert and Neuman, Maurice},
  title = {{Non-Linear Interactions between Electromagnetic Fields}},
  journal = {\pr{80}{1950}{380-385}},
  file = {:Karplus1950zza.pdf:PDF},
  doi = {10.1103/PhysRev.80.380},
  slaccitation = {%%CITATION = PHRVA,80,380;%%}
}

@ARTICLE{Kauer:2000hi,
  author = {Kauer, N. and Plehn, T. and Rainwater, David L. and Zeppenfeld, D.},
  title = {{$H \to WW$ as the discovery mode for a light Higgs boson}},
  journal = {\plb{503}{2001}{113-120}},
  eprint = {hep-ph/0012351},
  url = {http://www.slac.stanford.edu/spires/find/hep/www?eprint=hep-ph/0012351},
  file = {:Kauer2000hi.pdf:PDF}
}

@ARTICLE{Kharraziha:1997dn,
  author = {Kharraziha, Hamid and L{\"o}nnblad, Leif},
  title = {{The linked dipole chain Monte Carlo}},
  journal = {\jhep{03}{1998}{006}},
  eprint = {hep-ph/9709424},
  url = {http://www.slac.stanford.edu/spires/find/hep/www?eprint=hep-ph/9709424},
  file = {:Kharraziha1997dn.pdf:PDF}
}

@ARTICLE{Kilian:2007gr,
  author = {Kilian, Wolfgang and Ohl, Thorsten and Reuter, Jurgen},
  title = {{WHIZARD: Simulating Multi-Particle Processes at LHC and ILC}},
  year = {2007},
  eprint = {0708.4233},
  url = {http://www.slac.stanford.edu/spires/find/hep/www?eprint=arXiv:0708.4233},
  file = {:Kilian2007gr.pdf:PDF},
  archiveprefix = {arXiv},
  primaryclass = {hep-ph}
}

@ARTICLE{Kilic:2008ub,
  author = {Kilic, Can and Schumann, Steffen and Son, Minho},
  title = {{Searching for Multijet Resonances at the LHC}},
  year = {2008},
  eprint = {0810.5542},
  url = {http://www.slac.stanford.edu/spires/find/hep/www?eprint=arXiv:0810.5542},
  archiveprefix = {arXiv},
  primaryclass = {hep-ph},
  slaccitation = {%%CITATION = 0810.5542;%%}
}

@ARTICLE{Kimber:2001sc,
  author = {Kimber, M. A. and Martin, Alan D. and Ryskin, M. G.},
  title = {{Unintegrated parton distributions}},
  journal = {\prd{63}{2001}{114027}},
  eprint = {hep-ph/0101348},
  url = {http://www.slac.stanford.edu/spires/find/hep/www?eprint=hep-ph/0101348},
  file = {:Kimber2001sc.pdf:PDF}
}

@ARTICLE{Kimber:1999xc,
  author = {Kimber, M. A. and Martin, Alan D. and Ryskin, M. G.},
  title = {{Unintegrated parton distributions and prompt photon hadroproduction}},
  journal = {\epjc{12}{2000}{655-661}},
  eprint = {hep-ph/9911379},
  url = {http://www.slac.stanford.edu/spires/find/hep/www?eprint=hep-ph/9911379},
  file = {:Kimber1999xc.pdf:PDF}
}

@ARTICLE{Kirschner:1979im,
  author = {R. Kirschner},
  title = {{Generalized Lipatov-Altarelli-Parisi equations and jet calculus
	rules}},
  journal = {\plb{84}{1979}{266}},
  url = {http://www.slac.stanford.edu/spires/find/hep/www?j=PHLTA,B84,266},
  file = {:Kirschner1979im.pdf:PDF}
}

@ARTICLE{Klasen:1997jm,
  author = {Klasen, M. and Kramer, G. and P{\"o}tter, B.},
  title = {{Inclusive Jet Production with Virtual Photons in Next-to- Leading
	Order QCD}},
  journal = {\epjc{1}{1998}{261-270}},
  eprint = {hep-ph/9703302},
  url = {http://www-spires.dur.ac.uk/spires/find/hep/www?eprint=hep-ph/9703302},
  archiveprefix = {arXiv},
  slaccitation = {%%CITATION = HEP-PH/9703302;%%}
}

@ARTICLE{Kleiss:1988ne,
  author = {Kleiss, Ronald and Kuijf, Hans},
  title = {{Multi-gluon cross-sections and five jet production at hadron colliders}},
  journal = {\npb{312}{1989}{616}},
  url = {http://www.slac.stanford.edu/spires/find/hep/www?j=NUPHA,B312,616},
  file = {:Kleiss1988ne.pdf:PDF}
}

@ARTICLE{Kleiss:1994qy,
  author = {Kleiss, Ronald and Pittau, Roberto},
  title = {{Weight optimization in multichannel Monte Carlo}},
  journal = {\cpc{83}{1994}{141-146}},
  eprint = {hep-ph/9405257},
  url = {http://www.slac.stanford.edu/spires/find/hep/www?eprint=hep-ph/9405257},
  file = {:Kleiss1994qy.pdf:PDF}
}

@ARTICLE{Kleiss:1985yh,
  author = {Kleiss, R. and Stirling, W. James},
  title = {{Spinor techniques for calculating $p\bar{p}\to W^\pm/Z^0$+jets}},
  journal = {\npb{262}{1985}{235-262}},
  url = {http://www.slac.stanford.edu/spires/find/hep/www?j=NUPHA,B262,235},
  file = {:Kleiss1985yh.pdf:PDF}
}

@ARTICLE{Kleiss:1985gy,
  author = {Kleiss, R. and Stirling, W. James and Ellis, S. D.},
  title = {{A new Monte Carlo treatment of multiparticle phase space at high
	energies}},
  journal = {\cpc{40}{1986}{359}},
  url = {http://www.slac.stanford.edu/spires/find/hep/www?j=CPHCB,40,359},
  file = {:Kleiss1985gy.pdf:PDF}
}

@ARTICLE{Konishi:1979cb,
  author = {Konishi, K. and Ukawa, A. and Veneziano, G.},
  title = {{Jet calculus: A simple algorithm for resolving QCD jets}},
  journal = {\npb{157}{1979}{45-107}},
  url = {http://www.slac.stanford.edu/spires/find/hep/www?j=NUPHA,B157,45},
  file = {:Konishi1979cb.pdf:PDF}
}

@ARTICLE{Konishi:1978yx,
  author = {Konishi, K. and Ukawa, A. and Veneziano, G.},
  title = {{A simple algorithm for QCD jets}},
  journal = {\plb{78}{1978}{243}},
  url = {http://www.slac.stanford.edu/spires/find/hep/www?j=PHLTA,B78,243},
  file = {:Konishi1978yx.pdf:PDF}
}

@ARTICLE{Korchemsky:1988hd,
  author = {Korchemsky, G. P.},
  title = {{Sudakov form-factor in QCD}},
  journal = {\plb{220}{1989}{629}},
  url = {http://www.slac.stanford.edu/spires/find/hep/www?j=PHLTA,B220,629},
  file = {:Korchemsky1988hd.pdf:PDF}
}

@ARTICLE{Kosower:1997zr,
  author = {Kosower, David A.},
  title = {{Antenna factorization of gauge-theory amplitudes}},
  journal = {\prd{57}{1998}{5410-5416}},
  eprint = {hep-ph/9710213},
  url = {http://www.slac.stanford.edu/spires/find/hep/www?eprint=hep-ph/9710213},
  file = {:Kosower1997zr.pdf:PDF}
}

@ARTICLE{Kosower:1989xy,
  author = {Kosower, David A.},
  title = {{Light-cone recurrence relations for QCD amplitudes}},
  journal = {\npb{335}{1990}{23}},
  url = {http://www.slac.stanford.edu/spires/find/hep/www?j=NUPHA,B335,23},
  file = {:Kosower1989xy.pdf:PDF}
}

@ARTICLE{Kramer:1998bc,
  author = {Kramer, G. and P{\"o}tter, B.},
  title = {{Low $Q^2$ Jet Production at HERA in Next-to-Leading Order QCD}},
  journal = {\epjc{5}{1998}{665-679}},
  eprint = {hep-ph/9804352},
  url = {http://www-spires.dur.ac.uk/spires/find/hep/www?eprint=hep-ph/9804352},
  archiveprefix = {arXiv},
  doi = {10.1007/s100520050308},
  slaccitation = {%%CITATION = HEP-PH/9804352;%%}
}

@ARTICLE{Krauss:2002up,
  author = {Frank Krauss},
  title = {{Matrix elements and parton showers in hadronic interactions}},
  journal = {\jhep{0208}{2002}{015}},
  eprint = {hep-ph/0205283},
  url = {http://www.slac.stanford.edu/spires/find/hep/www?eprint=hep-ph/0205283},
  file = {:Krauss2002up.pdf:PDF}
}

@ARTICLE{Krauss:2001iv,
  author = {Frank Krauss and Ralf Kuhn and Gerhard Soff},
  title = {{AMEGIC++ 1.0: A Matrix Element Generator In C++}},
  journal = {\jhep{02}{2002}{044}},
  eprint = {hep-ph/0109036},
  url = {http://www.slac.stanford.edu/spires/find/hep/www?eprint=hep-ph/0109036},
  file = {:Krauss2001iv.pdf:PDF}
}

@ARTICLE{hadrons,
  author = {Krauss, F. and Laubrich, T. and Siegert, F.},
  title = {{Simulation of hadron decays in \Sherpa}},
  note = {in preparation}
}

@ARTICLE{Krauss:2005nu,
  author = {Krauss, Frank and Sch{\"a}licke, Andreas and Schumann, Steffen and
	Soff, Gerhard},
  title = {{Simulating $W$/$Z$ + jets production at the CERN LHC}},
  journal = {\prd{72}{2005}{054017}},
  eprint = {hep-ph/0503280},
  url = {http://www.slac.stanford.edu/spires/find/hep/www?eprint=hep-ph/0503280},
  file = {:Krauss2005nu.pdf:PDF}
}

@ARTICLE{Krauss:2004bs,
  author = {Krauss, Frank and Sch{\"a}licke, Andreas and Schumann, Steffen and
	Soff, Gerhard},
  title = {{Simulating W / Z + jets production at the Tevatron}},
  journal = {\prd{70}{2004}{114009}},
  eprint = {hep-ph/0409106},
  url = {http://www.slac.stanford.edu/spires/find/hep/www?eprint=hep-ph/0409106},
  file = {:Krauss2004bs.pdf:PDF},
  archiveprefix = {arXiv},
  doi = {10.1103/PhysRevD.70.114009}
}

@ARTICLE{Krauss:2005re,
  author = {Krauss, F. and Sch{\"a}licke, A. and Soff, G.},
  title = {{APACIC++ 2.0: A PArton Cascade In C++}},
  journal = {\cpc{174}{2006}{876-902}},
  eprint = {hep-ph/0503087},
  url = {http://www.slac.stanford.edu/spires/find/hep/www?eprint=hep-ph/0503087},
  file = {:Krauss2005re.pdf:PDF}
}

@ARTICLE{Kramer:1993jn,
  author = {Kr{\"a}mer, M. and K{\"u}hn, Johann H. and Stong, M. L. and Zerwas,
	P. M.},
  title = {{Prospects of measuring the parity of Higgs particles}},
  journal = {\zpc{64}{1994}{21-30}},
  eprint = {hep-ph/9404280},
  url = {http://www.slac.stanford.edu/spires/find/hep/www?eprint=hep-ph/9404280},
  file = {:Kramer1993jn.pdf:PDF},
  archiveprefix = {arXiv},
  slaccitation = {%%CITATION = HEP-PH/9404280;%%}
}

@ARTICLE{Kuhn:2000dk,
  author = {Kuhn, R. and Krauss, F. and Ivanyi, B. and Soff, G.},
  title = {{APACIC++ 1.0: A PArton Cascade In C++}},
  journal = {\cpc{134}{2001}{223-266}},
  eprint = {hep-ph/0004270},
  url = {http://www.slac.stanford.edu/spires/find/hep/www?eprint=hep-ph/0004270},
  file = {:Kuhn2000dk.pdf:PDF}
}

@ARTICLE{Kuraev:1977fs,
  author = {E. A. Kuraev and L. N. Lipatov and V. S. Fadin},
  title = {{The Po\-me\-ran\-chuk Singularity in Nonabelian Gauge Theories}},
  journal = {\jetp{45}{1977}{199-204}},
  url = {http://www.slac.stanford.edu/spires/find/hep/www?j=SPHJA,45,199}
}

@ARTICLE{Kwiecinski:1996td,
  author = {Kwieci\'{n}ski, J. and Martin, Alan D. and Sutton, P. J.},
  title = {{Constraints on gluon evolution at small $x$}},
  journal = {\zpc{71}{1996}{585-594}},
  eprint = {hep-ph/9602320},
  url = {http://www.slac.stanford.edu/spires/find/hep/www?eprint=hep-ph/9602320},
  file = {:Kwiecinski1996td.pdf:PDF}
}

@ARTICLE{Kwiecinski:1996fm,
  author = {Kwiecinski, J. and Lewis, C. A. M. and Martin, Alan D.},
  title = {{Observable jets from the BFKL chain}},
  journal = {\prd{54}{1996}{6664-6673}},
  eprint = {hep-ph/9606375},
  url = {http://www.slac.stanford.edu/spires/find/hep/www?eprint=hep-ph/9606375},
  file = {:Kwiecinski1996fm.pdf:PDF}
}

@ARTICLE{Korner:1980pv,
  author = {K{\"o}rner, J. G. and Schierholz, G. and Willrodt, J.},
  title = {{QCD predictions for four-jet final states in $e^+ e^-$ annihilation
	(II). Angular correlations as a test of the triple-gluon coupling}},
  journal = {\npb{185}{1981}{365}},
  file = {:Korner1980pv.pdf:PDF},
  doi = {10.1016/0550-3213(81)90323-0},
  slaccitation = {%%CITATION = NUPHA,B185,365;%%}
}

@ARTICLE{Lange:2001uf,
  author = {Lange, D. J.},
  title = {{The EvtGen particle decay simulation package}},
  journal = {\nim{A462}{2001}{152-155}},
  url = {http://www.slac.stanford.edu/spires/find/hep/www?j=NUIMA,A462,152},
  file = {:Lange2001uf.pdf:PDF},
  doi = {10.1016/S0168-9002(01)00089-4},
  slaccitation = {%%CITATION = NUIMA,A462,152;%%}
}

@ARTICLE{LatundeDada:2008bv,
  author = {Latunde-Dada, Oluseyi},
  title = {{Applying the POWHEG method to top pair production and decays at
	the ILC}},
  year = {2008},
  eprint = {0806.4560},
  url = {http://www.slac.stanford.edu/spires/find/hep/www?eprint=arXiv:0806.4560},
  file = {:LatundeDada2008bv.pdf:PDF},
  archiveprefix = {arXiv},
  primaryclass = {hep-ph}
}

@ARTICLE{LatundeDada:2006gx,
  author = {Latunde-Dada, Oluseyi and Gieseke, Stefan and Webber, Bryan},
  title = {{A positive-weight next-to-leading-order Monte Carlo for $e^+e^-$
	annihilation to hadrons}},
  journal = {\jhep{02}{2007}{051}},
  eprint = {hep-ph/0612281},
  url = {http://www.slac.stanford.edu/spires/find/hep/www?eprint=hep-ph/0612281},
  file = {:LatundeDada2006gx.pdf:PDF}
}

@ARTICLE{Lavesson:2007uu,
  author = {Lavesson, Nils and L{\"o}nnblad, Leif},
  title = {{Merging parton showers and matrix elements -- back to basics}},
  journal = {\jhep{04}{2008}{085}},
  eprint = {0712.2966},
  file = {:Lavesson2007uu.pdf:PDF},
  archiveprefix = {arXiv},
  doi = {10.1088/1126-6708/2008/04/085},
  primaryclass = {hep-ph},
  slaccitation = {%%CITATION = 0712.2966;%%}
}

@ARTICLE{Lavesson:2008ah,
  author = {Lavesson, Nils and L{\"o}nnblad, Leif},
  title = {{Extending CKKW-merging to one-loop matrix elements}},
  journal = {\jhep{12}{2008}{070}},
  eprint = {0811.2912},
  file = {:Lavesson2008ah.pdf:PDF},
  archiveprefix = {arXiv},
  doi = {10.1088/1126-6708/2008/12/070},
  primaryclass = {hep-ph},
  slaccitation = {%%CITATION = 0811.2912;%%}
}

@ARTICLE{Lavesson:2005xu,
  author = {Lavesson, Nils and L{\"o}nnblad, Leif},
  title = {{$W$+jets matrix elements and the dipole cascade}},
  journal = {\jhep{07}{2005}{054}},
  eprint = {hep-ph/0503293},
  url = {http://www.slac.stanford.edu/spires/find/hep/www?eprint=hep-ph/0503293},
  file = {:Lavesson2005xu.pdf:PDF}
}

@ARTICLE{Lepage:1980dq,
  author = {Lepage, G. Peter},
  title = {{VEGAS - An Adaptive Multi-dimensional Integration Program}},
  note = {CLNS-80/447},
  url = {http://www.slac.stanford.edu/spires/find/hep/www?r=CLNS-80/447},
  file = {:Lepage1980dq.pdf:PDF}
}

@ARTICLE{Levin:1991ya,
  author = {Levin, E. M. and Ryskin, M. G. and Shabelski, Yu. M. and Shuvaev,
	A. G.},
  title = {{Heavy Quark Production in Parton Model and in QCD}},
  journal = {Sov. J. \np{54}{1991}{867-871}},
  url = {http://www.slac.stanford.edu/spires/find/hep/www?j=SJNCA,54,867},
  file = {:Levin1991ya.pdf:PDF}
}

@ARTICLE{Lipatov:2005at,
  author = {Lipatov, A. V. and Zotov, N. P.},
  title = {{Higgs boson production at hadron colliders in the $k_T$-factorization
	approach}},
  journal = {\epjc{44}{2005}{559-566}},
  eprint = {hep-ph/0501172},
  url = {http://www.slac.stanford.edu/spires/find/hep/www?eprint=hep-ph/0501172},
  file = {:Lipatov2005at.pdf:PDF}
}

@ARTICLE{Lipatov:2005tz,
  author = {Lipatov, A. V. and Zotov, N. P.},
  title = {{Prompt photon photoproduction at DESY HERA in the $k_T$-factorization
	approach}},
  journal = {\prd{72}{2005}{054002}},
  eprint = {hep-ph/0506044},
  url = {http://www.slac.stanford.edu/spires/find/hep/www?eprint=hep-ph/0506044},
  file = {:Lipatov2005tz.pdf:PDF}
}

@ARTICLE{Lipatov:1976zz,
  author = {L. N. Lipatov},
  title = {{Reggeization of the Vector Meson and the Vacuum Singularity in Nonabelian
	Gauge Theories}},
  journal = {Sov. J. \np{23}{1976}{338-345}},
  url = {http://www.slac.stanford.edu/spires/find/hep/www?j=SJNCA,23,338}
}

@ARTICLE{Lipatov:1974qm,
  author = {Lipatov, L. N.},
  title = {{The parton model and perturbation theory}},
  journal = {Sov. J. \np{20}{1975}{94-102}},
  url = {http://www.slac.stanford.edu/spires/find/hep/www?j=SJNCA,20,94}
}

@ARTICLE{Luo:2005my,
  author = {Luo, Ming-Xing and Wen, Cong-Kao},
  title = {{Compact formulas for all tree amplitudes of six partons}},
  journal = {\prd{71}{2005}{091501}},
  eprint = {hep-th/0502009},
  url = {http://www.slac.stanford.edu/spires/find/hep/www?eprint=hep-th/0502009},
  file = {:Luo2005my.pdf:PDF}
}

@ARTICLE{Luo:2005rx,
  author = {Luo, Ming-Xing and Wen, Cong-Kao},
  title = {{Recursion relations for tree amplitudes in super gauge theories}},
  journal = {\jhep{03}{2005}{004}},
  eprint = {hep-th/0501121},
  url = {http://www.slac.stanford.edu/spires/find/hep/www?eprint=hep-th/0501121},
  file = {:Luo2005rx.pdf:PDF}
}

@ARTICLE{Lonnblad:2001iq,
  author = {L{\"o}nnblad, Leif},
  title = {{Correcting the colour-dipole cascade model with fixed order matrix
	elements}},
  journal = {\jhep{05}{2002}{046}},
  eprint = {hep-ph/0112284},
  url = {http://www.slac.stanford.edu/spires/find/hep/www?eprint=hep-ph/0112284},
  file = {:Lonnblad2001iq.pdf:PDF}
}

@ARTICLE{Lonnblad:1995ex,
  author = {L{\"o}nnblad, Leif},
  title = {{Small $x$ effects in W + jets production at the Tevatron}},
  journal = {\npb{458}{1996}{215-230}},
  eprint = {hep-ph/9508261},
  url = {http://www.slac.stanford.edu/spires/find/hep/www?eprint=hep-ph/9508261},
  file = {:Lonnblad1995ex.pdf:PDF}
}

@ARTICLE{Lonnblad:1994wk,
  author = {L{\"o}nnblad, Leif},
  title = {{Rapidity gaps and other final state properties in the color dipole
	model for deep inelastic scattering}},
  journal = {\zpc{65}{1995}{285-292}},
  url = {http://www.slac.stanford.edu/spires/find/hep/www?j=ZEPYA,C65,285},
  file = {:Lonnblad1994wk.pdf:PDF}
}

@ARTICLE{Lonnblad:1992tz,
  author = {L{\"o}nnblad, Leif},
  title = {{Ariadne version 4: A program for simulation of QCD cascades implementing
	the colour dipole model}},
  journal = {\cpc{71}{1992}{15-31}},
  url = {http://www.slac.stanford.edu/spires/find/hep/www?j=CPHCB,71,15},
  file = {:Lonnblad1992tz.pdf:PDF}
}

@ARTICLE{Maltoni:2002mq,
  author = {Maltoni, F. and Paul, K. and Stelzer, T. and Willenbrock, S.},
  title = {{Color-flow decomposition of QCD amplitudes}},
  journal = {\prd{67}{2003}{014026}},
  eprint = {hep-ph/0209271},
  url = {http://www.slac.stanford.edu/spires/find/hep/www?eprint=hep-ph/0209271},
  file = {:Maltoni2002mq.pdf:PDF}
}

@ARTICLE{Maltoni:2002qb,
  author = {Maltoni, Fabio and Stelzer, Tim},
  title = {{MadEvent: automatic event generation with MadGraph}},
  journal = {\jhep{02}{2003}{027}},
  eprint = {hep-ph/0208156},
  url = {http://www.slac.stanford.edu/spires/find/hep/www?eprint=hep-ph/0208156},
  file = {:Maltoni2002qb.pdf:PDF}
}

@ARTICLE{Mangano:1988kk,
  author = {Mangano, Michelangelo L.},
  title = {{The color structure of gluon emission}},
  journal = {\npb{309}{1988}{461}},
  file = {:Mangano1988kk.pdf:PDF},
  doi = {10.1016/0550-3213(88)90453-1},
  slaccitation = {%%CITATION = NUPHA,B309,461;%%}
}

@ARTICLE{Mangano:2002ea,
  author = {Mangano, Michelangelo L. and Moretti, Mauro and Piccinini, Fulvio
	and Pittau, Roberto and Polosa, Antonio D.},
  title = {{ALPGEN, a generator for hard multiparton processes in hadronic collisions}},
  journal = {\jhep{07}{2003}{001}},
  eprint = {hep-ph/0206293},
  url = {http://www.slac.stanford.edu/spires/find/hep/www?eprint=hep-ph/0206293},
  file = {:Mangano2002ea.pdf:PDF}
}

@ARTICLE{Mangano:2006rw,
  author = {Mangano, Michelangelo L. and Moretti, Mauro and Piccinini, Fulvio
	and Treccani, Michele},
  title = {{Matching matrix elements and shower evolution for top-pair production
	in hadronic collisions}},
  journal = {\jhep{01}{2007}{013}},
  eprint = {hep-ph/0611129},
  url = {http://www.slac.stanford.edu/spires/find/hep/www?eprint=hep-ph/0611129},
  file = {:Mangano2006rw.pdf:PDF}
}

@ARTICLE{Mangano:2001xp,
  author = {Mangano, Michelangelo L. and Moretti, Mauro and Pittau, Roberto},
  title = {{Multijet matrix elements and shower evolution in hadronic collisions:
	$W b\bar{b}+n$-jets as a case study}},
  journal = {\npb{632}{2002}{343-362}},
  eprint = {hep-ph/0108069},
  url = {http://www.slac.stanford.edu/spires/find/hep/www?eprint=hep-ph/0108069},
  file = {:Mangano2001xp.pdf:PDF}
}

@ARTICLE{Mangano:1990by,
  author = {Mangano, Michelangelo L. and Parke, Stephen J.},
  title = {{Multiparton amplitudes in gauge theories}},
  journal = {\prep{200}{1991}{301-367}},
  eprint = {hep-th/0509223},
  file = {:Mangano1990by.pdf:PDF},
  archiveprefix = {arXiv},
  doi = {10.1016/0370-1573(91)90091-Y},
  slaccitation = {%%CITATION = HEP-TH/0509223;%%}
}

@ARTICLE{Mangano:1987kp,
  author = {Mangano, Michelangelo L. and Parke, Stephen J.},
  title = {{Quark-gluon amplitudes in the dual expansion}},
  journal = {\npb{299}{1988}{673}},
  file = {:Mangano1987kp.pdf:PDF},
  doi = {10.1016/0550-3213(88)90368-9},
  slaccitation = {%%CITATION = NUPHA,B299,673;%%}
}

@ARTICLE{Mangano:1987xk,
  author = {Mangano, Michelangelo L. and Parke, Stephen J. and Xu, Zhan},
  title = {{Duality and multi-gluon scattering}},
  journal = {\npb{298}{1988}{653}},
  url = {http://www.slac.stanford.edu/spires/find/hep/www?j=NUPHA,B298,653},
  file = {:Mangano1987xk.pdf:PDF}
}

@ARTICLE{Marchesini:1994wr,
  author = {Guiseppe Marchesini},
  title = {{QCD coherence in the structure function and associated distributions
	at small $x$}},
  journal = {\npb{445}{1995}{49-80}},
  eprint = {hep-ph/9412327},
  url = {http://www.slac.stanford.edu/spires/find/hep/www?eprint=hep-ph/9412327},
  file = {:Marchesini1994wr.pdf:PDF}
}

@ARTICLE{Marchesini:1990zy,
  author = {Marchesini, G. and Webber, B. R.},
  title = {{Simulation of QCD initial state radiation at small x}},
  journal = {\npb{349}{1991}{617-634}},
  url = {http://www.slac.stanford.edu/spires/find/hep/www?j=NUPHA,B349,617},
  file = {:Marchesini1990zy.pdf:PDF}
}

@ARTICLE{Marchesini:1988hj,
  author = {Marchesini, G. and Webber, B. R.},
  title = {{Associated transverse energy in hadronic jet production}},
  journal = {\prd{38}{1988}{3419}},
  file = {:Marchesini1988hj.pdf:PDF},
  doi = {10.1103/PhysRevD.38.3419},
  slaccitation = {%%CITATION = PHRVA,D38,3419;%%}
}

@ARTICLE{Martin:2004dh,
  author = {Martin, A. D. and Roberts, R. G. and Stirling, W. J. and Thorne,
	R. S.},
  title = {{Parton distributions incorporating QED contributions}},
  journal = {\epjc{39}{2005}{155-161}},
  eprint = {hep-ph/0411040},
  file = {:Martin2004dh.pdf:PDF},
  archiveprefix = {arXiv},
  doi = {10.1140/epjc/s2004-02088-7},
  slaccitation = {%%CITATION = HEP-PH/0411040;%%}
}

@ARTICLE{Martin:1997ns,
  author = {Martin, Stephen P.},
  title = {{A Supersymmetry Primer}},
  year = {1997},
  eprint = {hep-ph/9709356},
  url = {http://www.slac.stanford.edu/spires/find/hep/www?eprint=hep-ph/9709356},
  file = {:Martin1997ns.pdf:PDF},
  archiveprefix = {arXiv},
  slaccitation = {%%CITATION = HEP-PH/9709356;%%}
}

@ARTICLE{Matsuura:1988sm,
  author = {Matsuura, T. and van der Marck, S. C. and van Neerven, W. L.},
  title = {{The calculation of the second order soft and virtual contributions
	to the Drell-Yan cross section}},
  journal = {\npb{319}{1989}{570}},
  url = {http://www.slac.stanford.edu/spires/find/hep/www?j=NUPHA,B319,570},
  file = {:Matsuura1988sm.pdf:PDF}
}

@ARTICLE{Messina:2006zz,
  author = {Messina, Andrea},
  title = {{Measurement of the W + Jet Cross Section at CDF}},
  journal = {Braz. \jph{37}{2007}{840-842}},
  eprint = {0708.1380},
  url = {http://www.slac.stanford.edu/spires/find/hep/www?eprint=arXiv:0708.1380},
  file = {:Messina2006zz.pdf:PDF},
  archiveprefix = {arXiv},
  collaboration = {CDF},
  primaryclass = {hep-ex}
}

@ARTICLE{Mrenna:2003if,
  author = {Mrenna, Stephen and Richardson, Peter},
  title = {{Matching matrix elements and parton showers with \Herwig and \Pythia}},
  journal = {\jhep{05}{2004}{040}},
  eprint = {hep-ph/0312274},
  url = {http://www.slac.stanford.edu/spires/find/hep/www?eprint=hep-ph/0312274},
  file = {:Mrenna2003if.pdf:PDF}
}

@ARTICLE{Mueller:1981ex,
  author = {A. H. Mueller},
  title = {{On the multiplicity of hadrons in QCD jets}},
  journal = {\plb{104}{1981}{161-164}},
  url = {http://www.slac.stanford.edu/spires/find/hep/www?j=PHLTA,B104,161},
  file = {:Mueller1981ex.pdf:PDF}
}

@ARTICLE{Monig:2007py,
  author = {M{\"o}nig, Klaus and Rosca, Aura},
  title = {{Towards a measurement of the two-photon decay width of the Higgs
	boson at a Photon Collider}},
  year = {2007},
  eprint = {0705.1259},
  url = {http://www.slac.stanford.edu/spires/find/hep/www?eprint=arXiv:0705.1259},
  file = {:Monig2007py.1259.pdf:PDF},
  archiveprefix = {arXiv},
  primaryclass = {hep-ph}
}

@ARTICLE{Nachtmann:1982xr,
  author = {Nachtmann, O. and Reiter, A.},
  title = {{A Test for the Gluon Selfcoupling in the Reactions $e^+ e^- \to$
	4 Jets and $Z^0 \to$ 4 Jets}},
  journal = {\zpc{16}{1982}{45}},
  file = {:Nachtmann1982xr.pdf:PDF},
  doi = {10.1007/BF01573746},
  slaccitation = {%%CITATION = ZEPYA,C16,45;%%}
}

@ARTICLE{Nagy:2003tz,
  author = {Nagy, Zoltan},
  title = {{Next-to-leading order calculation of three-jet observables in hadron-hadron
	collisions}},
  journal = {\prd{68}{2003}{094002}},
  eprint = {hep-ph/0307268},
  file = {:Nagy2003tz.pdf:PDF},
  archiveprefix = {arXiv},
  doi = {10.1103/PhysRevD.68.094002},
  slaccitation = {%%CITATION = HEP-PH/0307268;%%}
}

@ARTICLE{Nagy:2006kb,
  author = {Nagy, Zoltan and Soper, Davison E.},
  title = {{A new parton shower algorithm: Shower evolution, matching at leading
	and next-to-leading order level}},
  eprint = {hep-ph/0601021},
  url = {http://www.slac.stanford.edu/spires/find/hep/www?eprint=hep-ph/0601021},
  file = {:Nagy2006kb.pdf:PDF}
}

@ARTICLE{Nagy:2009re,
  author = {Nagy, Zoltan and Soper, Davison E.},
  title = {{Final state dipole showers and the DGLAP equation}},
  year = {2009},
  eprint = {0901.3587},
  url = {http://www.slac.stanford.edu/spires/find/hep/www?eprint=arXiv:0901.3587},
  archiveprefix = {arXiv},
  primaryclass = {hep-ph},
  slaccitation = {%%CITATION = 0901.3587;%%}
}

@ARTICLE{Nagy:2008eq,
  author = {Nagy, Zoltan and Soper, Davison E.},
  title = {{Parton showers with quantum interference: leading color, with spin}},
  journal = {\jhep{07}{2008}{025}},
  eprint = {0805.0216},
  file = {:Nagy2008eq.pdf:PDF},
  archiveprefix = {arXiv},
  doi = {10.1088/1126-6708/2008/07/025},
  primaryclass = {hep-ph},
  slaccitation = {%%CITATION = 0805.0216;%%}
}

@ARTICLE{Nagy:2008ns,
  author = {Nagy, Zoltan and Soper, Davison E.},
  title = {{Parton showers with quantum interference: leading color, spin averaged}},
  journal = {\jhep{03}{2008}{030}},
  eprint = {0801.1917},
  file = {:Nagy2008ns.pdf:PDF},
  archiveprefix = {arXiv},
  doi = {10.1088/1126-6708/2008/03/030},
  primaryclass = {hep-ph},
  slaccitation = {%%CITATION = 0801.1917;%%}
}

@ARTICLE{Nagy:2007ty,
  author = {Nagy, Zoltan and Soper, Davison E.},
  title = {{Parton showers with quantum interference}},
  journal = {\jhep{09}{2007}{114}},
  eprint = {0706.0017},
  file = {:Nagy2007ty.pdf:PDF},
  archiveprefix = {arXiv},
  doi = {10.1088/1126-6708/2007/09/114},
  primaryclass = {hep-ph},
  slaccitation = {%%CITATION = 0706.0017;%%}
}

@ARTICLE{Nagy:2005aa,
  author = {Nagy, Zoltan and Soper, Davison E.},
  title = {{Matching parton showers to NLO computations}},
  journal = {\jhep{10}{2005}{024}},
  eprint = {hep-ph/0503053},
  url = {http://www.slac.stanford.edu/spires/find/hep/www?eprint=hep-ph/0503053},
  file = {:Nagy2005aa.pdf:PDF}
}

@ARTICLE{Nanava:2006vv,
  author = {Nanava, G. and W{\c a}s, Z.},
  title = {{Scalar QED, NLO and PHOTOS Monte Carlo}},
  journal = {\epjc{51}{2007}{569-583}},
  eprint = {hep-ph/0607019},
  url = {http://www.slac.stanford.edu/spires/find/hep/www?eprint=hep-ph/0607019},
  file = {:Nanava2006vv.pdf:PDF},
  archiveprefix = {arXiv},
  doi = {10.1140/epjc/s10052-007-0316-5},
  slaccitation = {%%CITATION = HEP-PH/0607019;%%}
}

@ARTICLE{Nason:2004rx,
  author = {Nason, Paolo},
  title = {{A new method for combining NLO QCD with shower Monte Carlo algorithms}},
  journal = {\jhep{11}{2004}{040}},
  eprint = {hep-ph/0409146},
  file = {:Nason2004rx.pdf:PDF},
  archiveprefix = {arXiv},
  doi = {10.1088/1126-6708/2004/11/040},
  slaccitation = {%%CITATION = HEP-PH/0409146;%%}
}

@ARTICLE{Nason:2006hfa,
  author = {Nason, Paolo and Ridolfi, Giovanni},
  title = {{A positive-weight next-to-leading-order Monte Carlo for Z pair hadroproduction}},
  journal = {\jhep{08}{2006}{077}},
  eprint = {hep-ph/0606275},
  url = {http://www.slac.stanford.edu/spires/find/hep/www?eprint=hep-ph/0606275},
  file = {:Nason2006hfa.pdf:PDF},
  archiveprefix = {arXiv},
  slaccitation = {%%CITATION = HEP-PH/0606275;%%}
}

@ARTICLE{Neu:2008cr,
  author = {Neu, C.},
  title = {{$W^\pm / Z$ + Jets and $W^\pm / Z$ + Heavy Flavor Jets at the Tevatron}},
  year = {2008},
  eprint = {0806.0825},
  url = {http://www.slac.stanford.edu/spires/find/hep/www?eprint=arXiv:0806.0825},
  file = {:Neu2008cr.pdf:PDF},
  archiveprefix = {arXiv},
  collaboration = {CDF},
  primaryclass = {hep-ex},
  slaccitation = {%%CITATION = 0806.0825;%%}
}

@ARTICLE{Neubert:1993mb,
  author = {Neubert, Matthias},
  title = {{Heavy-quark symmetry}},
  journal = {\prep{245}{1994}{259-396}},
  eprint = {hep-ph/9306320},
  url = {http://www.slac.stanford.edu/spires/find/hep/www?eprint=hep-ph/9306320},
  file = {:Neubert1993mb.pdf:PDF},
  slaccitation = {%%CITATION = HEP-PH/9306320;%%}
}

@ARTICLE{Norrbin:2000uu,
  author = {Norrbin, E. and Sj{\"o}strand, T.},
  title = {{QCD radiation off heavy particles}},
  journal = {\npb{603}{2001}{297-342}},
  eprint = {hep-ph/0010012},
  url = {http://www.slac.stanford.edu/spires/find/hep/www?eprint=hep-ph/0010012},
  file = {:Norrbin2000uu.pdf:PDF}
}

@ARTICLE{Ohl:1998jn,
  author = {Ohl, Thorsten},
  title = {{Vegas revisited: Adaptive Monte Carlo integration beyond factorization}},
  journal = {\cpc{120}{1999}{13-19}},
  eprint = {hep-ph/9806432},
  url = {http://www.slac.stanford.edu/spires/find/hep/www?eprint=hep-ph/9806432},
  file = {:Ohl1998jn.pdf:PDF}
}

@ARTICLE{Okun:1956,
  author = {L. B. Okun and I. I. Pomeranchuk},
  title = {{Isotopic invariance and cross section of interaction of high energy
	pi-mesons and nucleons with nucleons}},
  journal = {\jetp{3}{1956}{307}},
  url = {http://www.slac.stanford.edu/spires/find/hep/www?j=SPHJA,18,769},
  perhaps = {103}
}

@ARTICLE{Orr:1997im,
  author = {Orr, Lynne H. and Stirling, W. James},
  title = {{Dijet production at hadron-hadron colliders in the Balitskii-Fadin-Kuraev-Lipatov
	approach}},
  journal = {\prd{56}{1997}{5875-5884}},
  eprint = {hep-ph/9706529},
  url = {http://www.slac.stanford.edu/spires/find/hep/www?eprint=hep-ph/9706529},
  file = {:Orr1997im.pdf:PDF}
}

@ARTICLE{Ossola:2008xq,
  author = {Ossola, Giovanni and Papadopoulos, Costas G. and Pittau, Roberto},
  title = {{On the rational terms of the one-loop amplitudes}},
  journal = {\jhep{05}{2008}{004}},
  eprint = {0802.1876},
  url = {http://www.slac.stanford.edu/spires/find/hep/www?eprint=arXiv:0802.1876},
  file = {:Ossola2008xq.pdf:PDF},
  archiveprefix = {arXiv},
  primaryclass = {hep-ph}
}

@ARTICLE{Ossola:2006us,
  author = {Ossola, Giovanni and Papadopoulos, Costas G. and Pittau, Roberto},
  title = {{Reducing full one-loop amplitudes to scalar integrals at the integrand
	level}},
  journal = {\npb{763}{2007}{147-169}},
  eprint = {hep-ph/0609007},
  url = {http://www.slac.stanford.edu/spires/find/hep/www?eprint=hep-ph/0609007},
  file = {:Ossola2006us.pdf:PDF}
}

@ARTICLE{Ozeren:2005mp,
  author = {Ozeren, K. J. and Stirling, W. J.},
  title = {{MHV techniques for QED processes}},
  journal = {\jhep{11}{2005}{016}},
  eprint = {hep-th/0509063},
  url = {http://www.slac.stanford.edu/spires/find/hep/www?eprint=hep-th/0509063},
  file = {:Ozeren2005mp.pdf:PDF}
}

@ARTICLE{Papadopoulos:2000tt,
  author = {Papadopoulos, Costas G.},
  title = {{PHEGAS: A phase-space generator for automatic cross-section computation}},
  journal = {\cpc{137}{2001}{247-254}},
  eprint = {hep-ph/0007335},
  url = {http://www.slac.stanford.edu/spires/find/hep/www?eprint=hep-ph/0007335},
  file = {:Papadopoulos2000tt.pdf:PDF}
}

@ARTICLE{Papadopoulos:2005ky,
  author = {Papadopoulos, Costas G. and Worek, Malgorzata},
  title = {{Multi-parton cross sections at hadron colliders}},
  journal = {\epjc{50}{2007}{843-856}},
  eprint = {hep-ph/0512150},
  url = {http://www.slac.stanford.edu/spires/find/hep/www?eprint=hep-ph/0512150},
  file = {:Papadopoulos2005ky.pdf:PDF}
}

@ARTICLE{Parke:1986gb,
  author = {Parke, Stephen J. and Taylor, T. R.},
  title = {{Amplitude for n-Gluon scattering}},
  journal = {\prl{56}{1986}{2459}},
  url = {http://www.slac.stanford.edu/spires/find/hep/www?j=PRLTA,56,2459},
  file = {:Parke1986gb.pdf:PDF}
}

@ARTICLE{Pati:1975ze,
  author = {Pati, Jogesh C. and Salam, Abdus},
  title = {{Mirror Fermions, J/psi Particles, Kolar Mine Events and Neutrino
	Anomaly}},
  journal = {\plb{58}{1975}{333-337}},
  file = {:Pati1975ze.pdf:PDF},
  doi = {10.1016/0370-2693(75)90667-X},
  slaccitation = {%%CITATION = PHLTA,B58,333;%%}
}

@ARTICLE{Pfeifenschneider:1999rz,
  author = {Pfeifenschneider, P. and others},
  title = {{QCD analyses and determinations of $\alpha_s$ in $e^+$ $e^-$ annihilation
	at energies between 35-GeV and 189-GeV}},
  journal = {\epjc{17}{2000}{19-51}},
  eprint = {hep-ex/0001055},
  file = {:Pfeifenschneider1999rz.pdf:PDF},
  archiveprefix = {arXiv},
  collaboration = {JADE and OPAL},
  doi = {10.1007/s100520000432},
  slaccitation = {%%CITATION = HEP-EX/0001055;%%}
}

@ARTICLE{Pittau:1997mv,
  author = {Pittau, R.},
  title = {{A simple method for multi-leg loop calculations 2: a general algorithm}},
  journal = {\cpc{111}{1998}{48-52}},
  eprint = {hep-ph/9712418},
  file = {:Pittau1997mv.pdf:PDF},
  archiveprefix = {arXiv},
  doi = {10.1016/S0010-4655(98)00040-X},
  slaccitation = {%%CITATION = HEP-PH/9712418;%%}
}

@ARTICLE{Pittau:1996ez,
  author = {Pittau, R.},
  title = {{A simple method for multi-leg loop calculations}},
  journal = {\cpc{104}{1997}{23-36}},
  eprint = {hep-ph/9607309},
  file = {:Pittau1996ez.pdf:PDF},
  archiveprefix = {arXiv},
  doi = {10.1016/S0010-4655(97)00065-9},
  slaccitation = {%%CITATION = HEP-PH/9607309;%%}
}

@ARTICLE{Plehn:2005cq,
  author = {Plehn, T. and Rainwater, D. and Skands, P.},
  title = {{Squark and gluino production with jets}},
  journal = {\plb{645}{2007}{217-221}},
  eprint = {hep-ph/0510144},
  url = {http://www.slac.stanford.edu/spires/find/hep/www?eprint=hep-ph/05010144},
  file = {:Plehn2005cq.pdf:PDF},
  archiveprefix = {arXiv},
  doi = {10.1016/j.physletb.2006.12.009},
  slaccitation = {%%CITATION = HEP-PH/0510144;%%}
}

@ARTICLE{Poggio:1977xk,
  author = {Poggio, Enrico C. and Pollak, Gregory},
  title = {{Nonleading contributions to the asymptotic behavior of the quark
	form-factor}},
  journal = {\plb{71}{1977}{135}},
  url = {http://www.slac.stanford.edu/spires/find/hep/www?j=PHLTA,B71,135},
  file = {:Poggio1977xk.pdf:PDF}
}

@ARTICLE{Pomeranchuk:1958,
  author = {I. I. Pomeranchuk},
  title = {{Equality of the nucleon and antinucleon total interaction cross
	section at high energies}},
  journal = {\jetp{7}{1958}{}},
  pages = {499}
}

@ARTICLE{Porod:2003um,
  author = {Porod, Werner},
  title = {{SPheno, a program for calculating supersymmetric spectra, SUSY particle
	decays and SUSY particle production at $e^+ e^-$ colliders}},
  journal = {\cpc{153}{2003}{275-315}},
  eprint = {hep-ph/0301101},
  url = {http://www.slac.stanford.edu/spires/find/hep/www?eprint=hep-ph/0301101},
  file = {:Porod2003um.pdf:PDF},
  archiveprefix = {arXiv},
  doi = {10.1016/S0010-4655(03)00222-4},
  slaccitation = {%%CITATION = HEP-PH/0301101;%%}
}

@ARTICLE{Pukhov:2004ca,
  author = {Pukhov, A.},
  title = {{CalcHEP 3.2: MSSM, structure functions, event generation, batchs,
	and generation of matrix elements for other packages}},
  year = {2004},
  eprint = {hep-ph/0412191},
  url = {http://www.slac.stanford.edu/spires/find/hep/www?eprint=hep-ph/0412191},
  file = {:Pukhov2004ca.pdf:PDF},
  archiveprefix = {arXiv},
  slaccitation = {%%CITATION = HEP-PH/0412191;%%}
}

@ARTICLE{Pumplin:2002vw,
  author = {Pumplin, J. and Stump, D. R. and Huston, J. and Lai, H. L. and Nadolsky,
	P. and Tung, W. K.},
  title = {{New generation of parton distributions with uncertainties from global
	QCD analysis}},
  journal = {\jhep{0207}{2002}{012}},
  eprint = {hep-ph/0201195},
  url = {http://www.slac.stanford.edu/spires/find/hep/www?eprint=hep-ph/0201195},
  file = {:Pumplin2002vw.pdf:PDF}
}

@ARTICLE{Potter:1997ii,
  author = {P{\"o}tter, B.},
  title = {{Inclusive Single- and Dijet Rates in Next-to-Leading Order QCD for
	$\gamma^* p$ and $\gamma^* \gamma$ Collisions}},
  journal = {\epj{ directC1}{1999}{5}},
  eprint = {hep-ph/9707319},
  url = {http://www-spires.dur.ac.uk/spires/find/hep/www?eprint=hep-ph/9707319},
  file = {:Potter1997ii.pdf:PDF},
  archiveprefix = {arXiv},
  slaccitation = {%%CITATION = HEP-PH/9707319;%%}
}

@ARTICLE{Potter:1998jt,
  author = {P{\"o}tter, B.},
  title = {{JetViP 1.1: Calculating one jet and two jet cross-sections with
	virtual photons in NLO QCD}},
  journal = {\cpc{119}{1999}{45-66}},
  eprint = {hep-ph/9806437},
  url = {http://www-spires.dur.ac.uk/spires/find/hep/www?eprint=hep-ph/9806437},
  file = {:Potter1998jt.pdf:PDF},
  archiveprefix = {arXiv},
  doi = {10.1016/S0010-4655(99)00190-3},
  slaccitation = {%%CITATION = HEP-PH/9806437;%%}
}

@ARTICLE{Regge:1960zc,
  author = {Regge, T.},
  title = {{Bound states, shadow states and Mandelstam representation}},
  journal = {\nc{18}{1960}{947-956}},
  url = {http://www.slac.stanford.edu/spires/find/hep/www?j=NUCIA,18,947},
  file = {:Regge1960zc.pdf:PDF}
}

@ARTICLE{Regge:1959mz,
  author = {Regge, T.},
  title = {{Introduction to complex orbital momenta}},
  journal = {\nc{14}{1959}{951}},
  url = {http://www.slac.stanford.edu/spires/find/hep/www?j=NUCIA,14,951},
  file = {:Regge1959mz.pdf:PDF}
}

@ARTICLE{Richardson:2001df,
  author = {Richardson, Peter},
  title = {{Spin correlations in Monte Carlo simulations}},
  journal = {\jhep{11}{2001}{029}},
  eprint = {hep-ph/0110108},
  url = {http://www.slac.stanford.edu/spires/find/hep/www?eprint=hep-ph/0110108},
  file = {:Richardson2001df.pdf:PDF},
  archiveprefix = {arXiv},
  slaccitation = {%%CITATION = HEP-PH/0110108;%%}
}

@ARTICLE{Richman:1995wm,
  author = {Richman, Jeffrey D. and Burchat, Patricia R.},
  title = {{Leptonic and semileptonic decays of charm and bottom hadrons}},
  journal = {\rmp{67}{1995}{893-976}},
  eprint = {hep-ph/9508250},
  url = {http://www.slac.stanford.edu/spires/find/hep/www?eprint=hep-ph/9508250},
  file = {:Richman1995wm.pdf:PDF},
  slaccitation = {%%CITATION = HEP-PH/9508250;%%}
}

@ARTICLE{Rodrigo:2003ws,
  author = {Rodrigo,~German and Krauss,~Frank},
  title = {{Resummed jet rates for heavy quark production in $e^+e^-$ annihilation}},
  journal = {\epjc{33}{2004}{457-459}},
  eprint = {hep-ph/0309325},
  url = {http://www.slac.stanford.edu/spires/find/hep/www?eprint=hep-ph/0309325},
  file = {:Rodrigo2003ws.pdf:PDF}
}

@ARTICLE{Rosiek:1995kg,
  author = {Rosiek, Janusz},
  title = {{Complete set of Feynman rules for the MSSM -- ERRATUM}},
  year = {1995},
  eprint = {hep-ph/9511250},
  url = {http://www.slac.stanford.edu/spires/find/hep/www?eprint=hep-ph/9511250},
  file = {:Rosiek1995kg.pdf:PDF},
  archiveprefix = {arXiv},
  slaccitation = {%%CITATION = HEP-PH/9511250;%%}
}

@ARTICLE{Rosiek:1989rs,
  author = {Rosiek, Janusz},
  title = {{Complete set of Feynman rules for the minimal supersymmetric extension
	of the standard model}},
  journal = {\prd{41}{1990}{3464}},
  url = {http://www.slac.stanford.edu/spires/find/hep/www?j=PHRVA,D41,3464},
  file = {:Rosiek1989rs.pdf:PDF},
  doi = {10.1103/PhysRevD.41.3464},
  slaccitation = {%%CITATION = PHRVA,D41,3464;%%}
}

@ARTICLE{Ryskin:1999yq,
  author = {Ryskin, M. G. and Shuvaev, A. G. and Shabelski, Yu. M.},
  title = {{Charm Hadroproduction within $k_T$-Factorization Approach}},
  journal = {\pan{64}{2001}{120-131}},
  eprint = {hep-ph/9907507},
  url = {http://www.slac.stanford.edu/spires/find/hep/www?eprint=hep-ph/9907507},
  file = {:Ryskin1999yq.pdf:PDF}
}

@ARTICLE{Schoenherr:2008av,
  author = {M. Sch\"{o}nherr and F. Krauss},
  title = {Soft photon radiation in particle decays in \Sherpa},
  journal = {\jhep{12}{2008}{018}},
  eprint = {0810.5071},
  url = {http://www.slac.stanford.edu/spires/find/hep/www?eprint=arXiv:0810.5071},
  file = {:Schoenherr2008av.pdf:PDF},
  archiveprefix = {arXiv},
  doi = {10.1088/1126-6708/2008/12/018},
  primaryclass = {hep-ph},
  slaccitation = {%%CITATION = 0810.5071;%%}
}

@ARTICLE{Schmidt:1996fg,
  author = {Carl R. Schmidt},
  title = {{Monte Carlo Solution to the Balitsky-Fadin-Kuraev-Lipatov Equation
	for Resummation in Perturbative QCD}},
  journal = {\prl{78}{1997}{4531-4535}},
  eprint = {hep-ph/9612454},
  url = {http://www.slac.stanford.edu/spires/find/hep/www?eprint=hep-ph/9612454},
  file = {:Schmidt1996fg.pdf:PDF}
}

@ARTICLE{Schumann:2007mg,
  author = {Schumann, Steffen and Krauss, Frank},
  title = {{A parton shower algorithm based on Catani-Seymour dipole factorisation}},
  journal = {\jhep{03}{2008}{038}},
  eprint = {0709.1027},
  url = {http://www.slac.stanford.edu/spires/find/hep/www?eprint=arXiv:0709.1027},
  file = {:Schumann2007mg.pdf:PDF},
  archiveprefix = {arXiv},
  primaryclass = {hep-ph}
}

@ARTICLE{Schalicke:2005nv,
  author = {Sch{\"a}licke, Andreas and Krauss, Frank},
  title = {{Implementing the ME+PS merging algorithm}},
  journal = {\jhep{07}{2005}{018}},
  eprint = {hep-ph/0503281},
  url = {http://www.slac.stanford.edu/spires/find/hep/www?eprint=hep-ph/0503281},
  file = {:Schalicke2005nv.pdf:PDF}
}

@ARTICLE{Scora:1995ty,
  author = {Scora, Daryl and Isgur, Nathan},
  title = {{Semileptonic meson decays in the quark model: An update}},
  journal = {\prd{52}{1995}{2783-2812}},
  eprint = {hep-ph/9503486},
  url = {http://www.slac.stanford.edu/spires/find/hep/www?eprint=hep-ph/9503486},
  file = {:Scora1995ty.pdf:PDF},
  archiveprefix = {arXiv},
  doi = {10.1103/PhysRevD.52.2783},
  slaccitation = {%%CITATION = HEP-PH/9503486;%%}
}

@ARTICLE{ktclus,
  author = {Seymour, Mike H.},
  url = {http://hepwww.rl.ac.uk/theory/seymour/ktclus/}
}

@ARTICLE{Seymour:1994df,
  author = {Seymour, Michael H.},
  title = {{Matrix-element corrections to parton shower algorithms}},
  journal = {\cpc{90}{1995}{95-101}},
  eprint = {hep-ph/9410414},
  url = {http://www.slac.stanford.edu/spires/find/hep/www?eprint=hep-ph/9410414},
  file = {:Seymour1994df.pdf:PDF}
}

@ARTICLE{Sjostrand:1995iq,
  author = {Sj{\"o}strand, Torbj{\"o}rn},
  title = {{\Pythia 5.7 and \Jetset 7.4 Physics and Manual}},
  year = {1995},
  eprint = {hep-ph/9508391},
  url = {http://www.slac.stanford.edu/spires/find/hep/www?eprint=hep-ph/9508391},
  file = {:Sjostrand1995iq.pdf:PDF}
}

@ARTICLE{Sjostrand:1985xi,
  author = {Torbj{\"o}rn Sj{\"o}strand},
  title = {{A model for initial state parton showers}},
  journal = {\plb{157}{1985}{321}},
  url = {http://www.slac.stanford.edu/spires/find/hep/www?j=PHLTA,B157,321},
  file = {:Sjostrand1985xi.pdf:PDF}
}

@ARTICLE{Sjostrand:1982fn,
  author = {Torbj{\"o}rn Sj{\"o}strand},
  title = {{The Lund Monte Carlo for Jet Fragmentation}},
  journal = {\cpc{27}{1982}{243}},
  url = {http://www.slac.stanford.edu/spires/find/hep/www?j=CPHCB,27,243},
  file = {:Sjostrand1982fn.pdf:PDF}
}

@ARTICLE{Sjostrand:2003wg,
  author = {Torbj{\"o}rn Sj{\"o}strand and Leif L{\"o}nnblad and Stephen Mrenna
	and Peter Skands},
  title = {{PYTHIA 6.3 Physics and Manual}},
  eprint = {hep-ph/0308153},
  url = {http://www.slac.stanford.edu/spires/find/hep/www?eprint=hep-ph/0308153},
  file = {:Sjostrand2003wg.pdf:PDF}
}

@ARTICLE{Sjostrand:2007gs,
  author = {Torbj{\"o}rn Sj{\"o}strand and Mrenna, Stephen and Skands, Peter},
  title = {{A brief introduction to PYTHIA 8.1}},
  journal = {\cpc{178}{2008}{852-867}},
  eprint = {0710.3820},
  url = {http://www.slac.stanford.edu/spires/find/hep/www?eprint=arXiv:0710.3820},
  file = {:Sjostrand2007gs.pdf:PDF},
  archiveprefix = {arXiv},
  primaryclass = {hep-ph}
}

@ARTICLE{Sjostrand:2006za,
  author = {Sj{\"o}strand, Torbj{\"o}rn and Mrenna, Stephen and Skands, Peter},
  title = {{PYTHIA 6.4 physics and manual}},
  journal = {\jhep{05}{2006}{026}},
  eprint = {hep-ph/0603175},
  url = {http://www.slac.stanford.edu/spires/find/hep/www?eprint=hep-ph/0603175},
  file = {:Sjostrand2006za.pdf:PDF}
}

@ARTICLE{Sjostrand:2004ef,
  author = {Sj{\"o}strand, T. and Skands, P. Z.},
  title = {{Transverse-momentum-ordered showers and interleaved multiple interactions}},
  journal = {\epjc{39}{2005}{129-154}},
  eprint = {hep-ph/0408302},
  url = {http://www.slac.stanford.edu/spires/find/hep/www?eprint=hep-ph/0408302},
  file = {:Sjostrand2004ef.pdf:PDF}
}

@ARTICLE{Sjostrand:2004pf,
  author = {Torbj{\"o}rn Sj{\"o}strand and Skands, P. Z.},
  title = {{Multiple interactions and the structure of beam remnants}},
  journal = {\jhep{03}{2004}{053}},
  eprint = {hep-ph/0402078},
  url = {http://www.slac.stanford.edu/spires/find/hep/www?eprint=hep-ph/0402078},
  file = {:Sjostrand2004pf.pdf:PDF}
}

@ARTICLE{Sjostrand:1987su,
  author = {Torbj{\"o}rn Sj{\"o}strand and Maria van Zijl},
  title = {{A multiple-interaction model for the event structure in hadron collisions}},
  journal = {\prd{36}{1987}{2019}},
  url = {http://www.slac.stanford.edu/spires/find/hep/www?j=PHRVA,D36,2019},
  file = {:Sjostrand1987su.pdf:PDF}
}

@ARTICLE{Skands:2003cj,
  author = {Skands, P. and others},
  title = {{SUSY Les Houches accord: interfacing SUSY spectrum calculators,
	decay packages, and event generators}},
  journal = {\jhep{07}{2004}{036}},
  eprint = {hep-ph/0311123},
  url = {http://www.slac.stanford.edu/spires/find/hep/www?eprint=hep-ph/0311123},
  file = {:Skands2003cj.pdf:PDF},
  archiveprefix = {arXiv},
  slaccitation = {%%CITATION = HEP-PH/0311123;%%}
}

@ARTICLE{Smilga:1979uj,
  author = {Smilga, Andrei V.},
  title = {{Next-to-leading logarithms in the high-energy asymptotics of the
	quark form-factor and the jet cross-section}},
  journal = {\npb{161}{1979}{449-468}},
  url = {http://www.slac.stanford.edu/spires/find/hep/www?j=NUPHA,B161,449},
  file = {:Smilga1979uj.pdf:PDF}
}

@ARTICLE{Snigirev:2003cq,
  author = {A. M. Snigirev},
  title = {{QCD status of factorization ansatz for double parton distributions}},
  journal = {\prd{68}{2003}{114012}},
  eprint = {hep-ph/0304172},
  url = {http://www.slac.stanford.edu/spires/find/hep/www?eprint=hep-ph/0304172},
  file = {:Snigirev2003cq.pdf:PDF}
}

@ARTICLE{Stelzer:1994ta,
  author = {Stelzer, T. and Long, W. F.},
  title = {{Automatic generation of tree level helicity amplitudes}},
  journal = {\cpc{81}{1994}{357-371}},
  eprint = {hep-ph/9401258},
  url = {http://www.slac.stanford.edu/spires/find/hep/www?eprint=hep-ph/9401258},
  file = {:Stelzer1994ta.pdf:PDF}
}

@ARTICLE{Sudakov:1954sw,
  author = {V. V. Sudakov},
  title = {{Vertex parts at very high-energies in quantum electrodynamics}},
  journal = {\jetp{3}{1956}{65-71}},
  url = {http://www.slac.stanford.edu/spires/find/hep/www?j=SPHJA,3,65}
}

@ARTICLE{Thorne:1999rb,
  author = {Thorne, Robert S.},
  title = {{NLO BFKL equation, running coupling, and renormalization scales}},
  journal = {\prd{60}{1999}{054031}},
  eprint = {hep-ph/9901331},
  url = {http://www.slac.stanford.edu/spires/find/hep/www?eprint=hep-ph/9901331},
  file = {:Thorne1999rb.pdf:PDF}
}

@ARTICLE{Uhlemann:2008pm,
  author = {Uhlemann, C. F. and Kauer, N.},
  title = {{Narrow-width approximation accuracy}},
  year = {2008},
  eprint = {0807.4112},
  url = {http://www.slac.stanford.edu/spires/find/hep/www?eprint=arXiv:0807.4112},
  file = {:Uhlemann2008pm.pdf:PDF},
  archiveprefix = {arXiv},
  primaryclass = {hep-ph},
  slaccitation = {%%CITATION = 0807.4112;%%}
}

@ARTICLE{Voutilainen:2006qq,
  author = {Voutilainen, M.},
  title = {{D0 QCD studies}},
  year = {2006},
  eprint = {hep-ex/0610002},
  url = {http://www.slac.stanford.edu/spires/find/hep/www?eprint=hep-ex/0610002},
  file = {:Voutilainen2006qq.pdf:PDF},
  archiveprefix = {arXiv},
  slaccitation = {%%CITATION = HEP-EX/0610002;%%}
}

@BOOK{Waerden:1974qm,
  title = {{Group Theory and Quantum Mechanics}},
  publisher = {Springer},
  year = {1974},
  author = {van der Waerden, B. L.},
  pages = {211},
  address = {Berlin, Germany},
  note = {Die Grundlehren der math. Wissenschaften}
}

@ARTICLE{Watt:2003vf,
  author = {Graeme Watt and Alan D. Martin and Ryskin, M. G.},
  title = {{Unintegrated parton distributions and electroweak boson production
	at hadron colliders}},
  journal = {\prd{70}{2004}{014012}},
  eprint = {hep-ph/0309096},
  url = {http://www.slac.stanford.edu/spires/find/hep/www?eprint=hep-ph/0309096},
  file = {:Watt2003vf.pdf:PDF}
}

@ARTICLE{Watt:2003mx,
  author = {Graeme Watt and Alan D. Martin and M. G. Ryskin},
  title = {{Unintegrated parton distributions and inclusive jet production at
	HERA}},
  journal = {\epjc{31}{2003}{73-89}},
  eprint = {hep-ph/0306169},
  url = {http://www.slac.stanford.edu/spires/find/hep/www?eprint=hep-ph/0306169},
  file = {:Watt2003mx.pdf:PDF}
}

@ARTICLE{Waugh:2006ip,
  author = {Waugh, B. M. and others},
  title = {{HZTool and Rivet: Toolkit and framework for the comparison of simulated
	final states and data at colliders}},
  year = {2006},
  eprint = {hep-ph/0605034},
  url = {http://projects.hepforge.org/rivet},
  archiveprefix = {arXiv},
  slaccitation = {%%CITATION = HEP-PH/0605034;%%}
}

@ARTICLE{Webber:1983if,
  author = {Brian R. Webber},
  title = {{A QCD model for jet fragmentation including soft gluon interference}},
  journal = {\npb{238}{1984}{492}},
  url = {http://www.slac.stanford.edu/spires/find/hep/www?j=NUPHA,B238,492},
  file = {:Webber1983if.pdf:PDF}
}

@ARTICLE{Weinberg:1978kz,
  author = {Weinberg, Steven},
  title = {{Phenomenological Lagrangians}},
  journal = {\phys{A96}{1979}{327}},
  url = {http://www.slac.stanford.edu/spires/find/hep/www?j=PHYSA,A96,327},
  file = {:Weinberg1978kz.pdf:PDF},
  slaccitation = {%%CITATION = PHYSA,A96,327;%%}
}

@ARTICLE{Wess:1974tw,
  author = {Wess, J. and Zumino, B.},
  title = {{Supergauge transformations in four dimensions}},
  journal = {\npb{70}{1974}{39-50}},
  url = {http://www.slac.stanford.edu/spires/find/hep/www?j=NUPHA,B70,39},
  file = {:Wess1974tw.pdf:PDF},
  doi = {10.1016/0550-3213(74)90355-1},
  slaccitation = {%%CITATION = NUPHA,B70,39;%%}
}

@BOOK{Weyl:1931qm,
  title = {{The Theory of Groups and Quantum Mechanics}},
  publisher = {Dover},
  year = {1931},
  author = {Hermann Weyl},
  pages = {422},
  address = {New York, USA}
}

@ARTICLE{Whalley:2005nh,
  author = {Whalley, M. R. and Bourilkov, D. and Group, R. C.},
  title = {{The Les Houches Accord PDFs (LHAPDF) and LHAGLUE}},
  year = {2005},
  eprint = {hep-ph/0508110},
  url = {http://www.slac.stanford.edu/spires/find/hep/www?eprint=hep-ph/0508110},
  file = {:Whalley2005nh.pdf:PDF},
  archiveprefix = {arXiv},
  slaccitation = {%%CITATION = HEP-PH/0508110;%%}
}

@ARTICLE{Winter:2007ye,
  author = {Winter, Jan-Christopher and Krauss, Frank},
  title = {{Initial-state showering based on colour dipoles connected to incoming
	parton lines}},
  journal = {\jhep{07}{2008}{040}},
  eprint = {0712.3913},
  url = {http://www.slac.stanford.edu/spires/find/hep/www?eprint=arXiv:0712.3913},
  file = {:Winter2007ye.pdf:PDF},
  archiveprefix = {arXiv},
  primaryclass = {hep-ph}
}

@ARTICLE{Winter:2003tt,
  author = {Jan-Christopher Winter and Frank Krauss and Gerhard Soff},
  title = {{A modified cluster-hadronisation model}},
  journal = {\epjc{36}{2004}{381-395}},
  eprint = {hep-ph/0311085},
  url = {http://www.slac.stanford.edu/spires/find/hep/www?eprint=hep-ph/0311085},
  file = {:Winter2003tt.pdf:PDF}
}

@ARTICLE{Witten:2003nn,
  author = {Witten, Edward},
  title = {{Perturbative Gauge Theory as a String Theory in Twistor Space}},
  journal = {\cmp{252}{2004}{189-258}},
  eprint = {hep-th/0312171},
  url = {http://www.slac.stanford.edu/spires/find/hep/www?eprint=hep-th/0312171},
  file = {:Witten2003nn.pdf:PDF}
}

@ARTICLE{Wobisch:1998ti,
  author = {Wobisch, M.},
  title = {{Progress in the Understanding of Dijet Production in Deep-Inelastic
	Scattering}},
  year = {1998},
  eprint = {hep-ph/9806481},
  file = {:Wobisch1998ti.pdf:PDF},
  archiveprefix = {arXiv},
  slaccitation = {%%CITATION = HEP-PH/9806481;%%}
}

@ARTICLE{Yennie:1961ad,
  author = {Yennie, D. R. and Frautschi, Steven C. and Suura, H.},
  title = {{The Infrared Divergence Phenomena and High-Energy Processes}},
  journal = {\ap{13}{1961}{379-452}},
  url = {http://www.slac.stanford.edu/spires/find/hep/www?j=APNYA,13,379},
  file = {:Yennie1961ad.pdf:PDF}
}

@ARTICLE{ahadicprep,
  title = {{in preparation}}
}

@ARTICLE{CDFZjet,
  url = {http://www-cdf.fnal.gov/physics/new/qcd/zjets\_07/public.pdf},
  file = {:CDFZjet.pdf:PDF},
  collaboration = {CDF}
}

@ARTICLE{DOnote5066,
  title = {{Z+jet production in the \DO experiment: A comparison between data
	and the PYTHIA and \Sherpa Monte Carlos}},
  note = {{\DO~note~5066}},
  url = {http://www-d0.fnal.gov/Run2Physics/WWW/results/prelim/HIGGS/H15/},
  file = {:DOnote5066.pdf:PDF},
  collaboration = {{\DO}}
}

@ARTICLE{MC4LHC:2003aa,
  title = {{CERN Workshop on Monte Carlo tools for the LHC homepage}},
  url = {http://mlm.home.cern.ch/mlm/mcwshop03/mcwshop.html}
}

@ARTICLE{ScotGrid:2008aa,
  title = {{ScotGrid Scottish Grid service homepage}},
  url = {http://www.scotgrid.ac.uk}
}

@comment{jabref-meta: protectedFlag:true;}

